2307 3659
1139 88 1209 137 42

302 247 462 319 cujus
511 247 568 297 in
615 244 955 316 marginibus
1009 244 1221 318 aliquid
1270 246 1434 299 editis
1487 245 1871 316 copiosissime
1911 262 2050 317 quo-

307 339 413 394 que
452 318 837 391 Polytrichum
879 318 1091 373 aloides
1139 327 1193 373 et
1240 321 1430 391 plures
1479 338 1508 371 e
1547 319 1819 372 Cladonia
1857 336 2053 390 genere

306 394 537 467 specieS‚
577 393 919 466 Baeomyces
953 410 1167 460 rosem,
1210 392 1573 467 Sphyridium
1594 392 1928 464 fungiforme
1951 399 2049 447 cet.

303 467 652 541 proveniunt.
741 467 925 520 Locus
966 476 1178 534 autem,
1235 470 1333 521 ubi
1382 467 1462 520 illi
1501 466 1664 518 Junci
1702 467 2055 520 inveniuntur

305 549 359 596 et
398 542 521 613 ipse
562 559 779 594 arenam
817 541 1187 615 habet‚,quae
1224 547 1435 615 rigatur
1471 541 1706 612 parvulo
1748 540 1817 593 de
1867 547 2056 594 monte

303 616 494 682 „hohe
545 615 725 669 Eule“
775 615 1147 671 descendente
1194 612 1402 670 rivulo:
1479 633 1589 686 quo
1637 614 1724 678 fit,
1780 621 1844 667 ut
1891 615 2055 668 etiam

302 692 357 743 in
407 690 513 743 hac
565 690 857 744 altitudine
909 695 1273 764 vegetationis
1323 689 1504 742 forma
1550 689 1810 742 humidae
1859 706 2055 742 arenae

308 764 593 827 offeratur,
644 783 785 836 quae
822 784 938 831 res,
991 785 1158 838 quum
1198 765 1330 817 satis
1370 781 1495 816 raro
1547 765 1808 819 obveniat
1848 779 2051 834 operae

304 840 541 912 pretium
579 839 759 906 fuerit,
797 840 906 894 hoc
945 840 1073 894 loco
1114 856 1551 894 commemorare.

904 1714 1460 1820 Theses.

456 2036 505 2099 1)
544 2030 870 2104 Asplenium
912 2029 1226 2102 Serpentini
1266 2029 1493 2085 Tausch
1541 2049 1657 2085 non
1696 2036 1783 2085 est
1820 2033 2056 2084 varietas

303 2107 393 2161 vel
455 2106 775 2179 subspecies
830 2105 1079 2177 Asplenii
1140 2104 1365 2157 Adianti
1423 2106 1564 2178 nigri
1621 2105 1712 2170 L.,
1777 2105 1875 2158 sed
1932 2108 2058 2176 ipsa

304 2201 330 2235 s
378 2199 533 2235 ecies

334 2201 372 2253 p
452 2260 502 2322 2)
541 2254 821 2308 Dianthus
865 2251 1447 2307 WimmeriWichura
1487 2273 1603 2307 non
1641 2261 1726 2308 est
1763 2270 1894 2307 vera
1933 2270 2057 2324 spe-

306 2334 415 2385 cies
455 2329 556 2383 sed
593 2336 807 2383 tantum
847 2329 1084 2383 varietas
1124 2327 1354 2381 Dianthi
1393 2329 1618 2401 superbi
1656 2329 1718 2384 L.

450 2410 502 2472 3)
541 2404 606 2457 In
646 2404 1200 2457 commentationibus
1238 2402 1921 2476 botanico-geographicis
1945 2420 2058 2457 ma-

302 2480 386 2552 gis
427 2496 589 2552 quam
629 2479 743 2532 fieri
782 2478 924 2532 solet
961 2478 1275 2550 plantarum
1317 2479 1851 2551 cryptogamicarum
1891 2477 2059 2530 ratio·

300 2572 425 2608 nem
464 2571 587 2607 esse
623 2552 937 2607 habendam
965 2553 1179 2625 judice.

449 2633 502 2696 4)
540 2627 678 2682 Plus
732 2630 997 2700 temporis
1046 2629 1238 2692 rebus,
1291 2644 1431 2699 quae
1465 2626 1744 2697 pertinent
1783 2626 1856 2680 ad
1893 2632 2056 2680 natu·

307 2720 400 2756 rae
444 2703 834 2776 cognitionem,
874 2703 931 2755 in
970 2702 1270 2776 gymnasiis
1305 2700 1660 2755 tribuendum
1699 2719 1820 2756 esse
1841 2719 2055 2757 censeo,
