2307 3659
205 274 318 318 cue,
382 257 577 328 hirtuS‚
640 257 918 323 Koehleri‚
982 260 1333 326 Schleicheri‚
1402 263 1742 317 Sambuccus
1810 282 1958 317 race-

201 349 359 384 mosa
397 340 500 387 cet.
1776 339 1778 341 ’

348 480 487 533 Post
527 481 719 532 silvam
761 479 1065 533 secundum
1113 481 1293 533 locum
1357 484 1605 536 obtinent
1668 490 1842 554 prata,
1896 491 1960 537 ut

202 571 375 624 prope
415 555 790 618 ‚‚Hausdorf“‚
834 555 1267 626 ‚‚Falkenberg“‚
1292 555 1672 615 ‚,Dorfbach“.
1750 559 1811 610 In
1836 561 1956 629 qui-

200 628 305 679 bus
340 647 508 699 quum
549 647 712 699 saepe
754 638 808 681 et
845 629 1161 700 frequenter
1213 637 1520 694 occurrant,
1577 631 1679 683 hae
1733 632 1956 702 plantae

199 701 329 754 huic
369 704 684 774 subregioni
726 712 855 756 sunt
896 707 1179 775 propriae:

199 849 675 922 Chaerophyllum
708 852 997 904 hirsutum.
1078 850 1293 902 Montia
1345 849 1598 904 rivularis
1650 854 1826 923 (juxta
1885 856 1954 907 ri-

200 923 474 976 Gentiana
516 927 853 995 campestris.
1226 922 1428 989 vulos).

197 998 573 1070 Eriophorum
599 1000 1032 1071 augustifolium.
1078 998 1280 1052 Orchis
1320 997 1579 1050 mascula-

203 1072 587 1144 Gymnadenia
627 1093 923 1145 conopsea.
1079 1073 1278 1126 Orchis
1320 1073 1658 1127 sambucina.

199 1147 412 1200 Juncus
453 1149 756 1201 silvaticus.
1078 1147 1351 1199 Petasites
1419 1147 1578 1199 albus
1655 1152 1729 1209 (in
1798 1149 1951 1203 silvis

195 1221 407 1274 Juncus
451 1241 802 1294 squarrosus
1224 1227 1492 1292 quoque).

198 1296 454 1349 Stellaria
492 1298 786 1368 uliginosa.
1079 1295 1424 1348 Pedicularis
1466 1295 1732 1358 silvatica,

196 1370 495 1442 Leucojum
551 1391 779 1424 vernum
829 1373 904 1439 (in
946 1371 1071 1422 sil-

342 1464 577 1498 varum
618 1450 830 1517 pratis)

341 1595 580 1647 Siceiora
624 1601 835 1645 tantum
876 1594 1000 1645 loca.
1039 1598 1357 1665 graminosa
1396 1593 1681 1648 adamant:
1734 1593 1953 1646 Carlina

191 1669 396 1720 acaulis
447 1670 519 1731 <in
562 1670 816 1720 omnibus
861 1668 1024 1739 hujus
1066 1668 1414 1738 subregionis
1454 1668 1592 1720 locis
1636 1687 1804 1738 quum
1842 1668 1946 1720 fre-

193 1751 424 1814 quenter
483 1747 738 1802 occurrit,
803 1751 913 1794 tum
984 1761 1162 1813 prope
1238 1742 1511 1803 Neurode,
1589 1742 1948 1815 Falkenberg‚

192 1818 582 1888 Volpersdorfi
665 1821 886 1869 omnino
945 1821 999 1868 in
1063 1824 1219 1887 parte
1277 1817 1604 1868 occidentali
1683 1820 1949 1869 montium

189 1898 544 1958 nost-rorum),
587 1891 892 1944 Centaurea
945 1892 1194 1963 phrygia,
1254 1891 1526 1943 Gentiana
1581 1891 1780 1951 cibata,
1839 1892 1948 1943 Po-

189 1967 402 2018 tentilla
441 1985 624 2020 verna.
739 1966 1006 2037 Myrrhim
1081 1966 1388 2027 odoratam,
1450 1983 1616 2034 quum
1676 1970 1729 2017 in
1770 1966 1949 2018 hortis

188 2042 445 2094 herbosis
499 2050 551 2092 et
607 2043 664 2092 in
726 2042 987 2111 pomariis
1046 2044 1343 2111 praecipue
1403 2047 1672 2104 occurrat,
1737 2046 1945 2092 tantum

193 2119 347 2187 quasi
392 2126 754 2184 spontaneam
808 2134 928 2167 esse
971 2116 1223 2166 arbitrari
1277 2116 1420 2168 licet.
1534 2114 1657 2165 Hae
1727 2115 1950 2185 quidem

191 2193 404 2262 species
445 2196 615 2240 totam
659 2208 831 2258 paene
871 2189 1062 2241 floram
1102 2194 1390 2259 utriusque
1431 2192 1796 2260 vegetationis
1834 2189 1946 2241 for-

192 2284 309 2318 mae
351 2271 710 2334 componunt,
752 2268 827 2314 ita
869 2274 931 2315 ut
971 2282 1153 2315 earum
1195 2264 1450 2334 pluribus
1502 2281 1610 2314 una
1652 2263 1816 2315 simul
1856 2282 1945 2315 cam

190 2348 306 2392 reat
345 2338 496 2390 nulla
535 2339 801 2389 montium
846 2356 990 2407 pars,
1031 2340 1135 2390 nisi
1157 2340 1375 2389 minima
1403 2338 1491 2398 sit,
1532 2345 1770 2389 attamen
1811 2338 1947 2390 haec

191 2416 449 2483 subregio
491 2430 739 2483 magnam
781 2412 1184 2464 multitudinem
1238 2415 1559 2483 specierum,
1620 2430 1760 2482 quae
1819 2413 1946 2464 huic

193 2491 452 2560 propriae-
495 2495 640 2546 sunt,
684 2487 858 2547 offert,
904 2505 1043 2556 quae
1084 2506 1250 2557 quum
1293 2506 1406 2538 uno
1449 2495 1660 2538 tantum
1701 2487 1827 2538 loco
1860 2487 1946 2538 vel

190 2566 462 2615 rarissime
502 2562 848 2631 proveniant,
892 2579 922 2611 a
962 2562 1124 2614 nobis
1167 2564 1468 2613 enumerari
1492 2580 1604 2612 non
1626 2568 1942 2631 potuerunt,

191 2641 451 2708 quoniam
493 2643 682 2686 nostra
721 2637 993 2699 intererat,
1034 2636 1137 2687 hac
1170 2635 1649 2688 commentationis
1673 2642 1830 2705 parte
1852 2634 1944 2685 de-

190 2712 544 2782 scriptionem
586 2711 893 2780 generalem
936 2711 1110 2762 totius
1150 2709 1322 2763 florae
1363 2710 1572 2763 offerre.

337 2785 591 2838 Omnium
633 2794 810 2836 autem
853 2785 1110 2836 territorii
1153 2786 1406 2855 partium,
1449 2788 1635 2854 itaque
1675 2782 1840 2851 hujus
1860 2799 1943 2832 re-

190 2861 387 2930 gionis,
429 2861 735 2910 uberrimae
775 2868 907 2911 sunt
944 2859 1115 2911 valles
1156 2860 1353 2911 Nissae
1395 2867 1448 2909 et
1487 2857 1725 2909 Vistritii
1766 2854 1940 2906 flumi-

188 2952 317 2986 num
360 2934 516 2999 (haec
558 2936 840 3002 poste-rior
879 2933 1040 2985 vallis
1074 2934 1189 3003 jam
1217 2933 1424 2985 dudum
1466 2947 1714 3002 magnam
1743 2928 1941 2980 famam

191 3008 341 3077 apud
383 3009 672 3059 botanicos
716 3020 972 3059 assecuta
1013 3010 1131 3076 est),
1176 3026 1313 3079 quae
1354 3025 1465 3058 non
1488 3022 1713 3074 parvam
1762 3003 1942 3054 multi-

191 3082 433 3133 tudinem
477 3082 781 3133 ostendunt
814 3085 1135 3151 specierum,
1181 3100 1320 3152 quae.
1360 3080 1563 3131 frustra
1630 3078 1685 3128 in
1745 3079 1939 3128 ceteris

188 3157 439 3224 partibus
480 3159 746 3206 montium
787 3165 1104 3212 nostrorum
1147 3161 1499 3225 quaeruntur.
1591 3151 1768 3222 Hujus
1807 3168 1938 3201 vero

189 3247 356 3280 causa
395 3230 450 3280 in
491 3246 554 3279 eo
594 3229 739 3290 insit,
783 3231 936 3300 quod
976 3231 1063 3282 his
1104 3228 1366 3299 imprimis
1397 3227 1535 3278 locis
1559 3225 1748 3294 plures
1775 3242 1938 3276 saxo—

188 3321 304 3355 rum
346 3302 518 3355 moles
542 3306 838 3356 continuae
869 3313 1182 3356 occurrunt.
1263 3302 1609 3371 Quamquam
1643 3299 1780 3352 enim
1805 3315 1939 3354 saxa
