2307 3659
1052 105 1112 154 15

209 266 309 316 cet.
350 278 545 313 zonam
584 260 840 313 arborum
878 259 1250 313 frondentium
1290 262 1417 333 plus
1456 267 1592 316 1900
1616 261 1786 333 pedes
1807 278 1955 315 com-

209 334 565 405 prehendere.
643 334 716 386 At
754 351 884 386 vero
925 334 1231 386 notandum
1272 343 1372 397 est,
1426 336 1678 390 Silesiam
1728 339 1954 408 provin-

208 413 344 462 ciam
385 428 451 462 ex
491 427 660 480 supra
711 414 1010 460 memorata
1060 408 1722 481 botanieo-geographica
1769 410 1953 463 distri-

206 484 437 536 butione
487 502 748 536 zonarum
791 482 1023 552 propius
1063 482 1258 533 abesse
1299 501 1330 534 a
1377 483 1482 536 fine
1535 484 1956 555 septentrionali

207 577 378 611 zonae
419 559 588 612 silvae
620 557 937 618 frondosae,
981 573 1145 626 quam
1167 574 1200 607 a
1223 557 1580 622 meridionali,
1621 559 1774 630 quod
1797 577 1955 630 prae-

208 639 290 684 ter
330 636 495 685 situm
535 631 970 703 geographicum
1009 630 1370 692 demonstrat,
1441 633 1592 701 quod
1644 633 1826 685 medio
1868 651 1956 685 ca—

207 707 309 758 lori
351 706 600 766 silesiae,
643 723 810 776 quum
851 705 1016 774 hujus
1056 722 1228 756 zonae
1280 705 1519 756 calorem
1561 709 1770 759 6--12ο
1810 707 1955 760 Cels.

209 799 330 834 esse
371 787 623 834 statuant
645 782 697 846 ¹),
739 798 1006 831 summum
1051 781 1117 832 8⁰
1151 779 1292 831 Cels,
1335 779 1502 831 tribui
1542 788 1746 850 potest.

352 855 487 907 Inde
528 873 750 925 quoque
789 854 1020 924 intelligi
1060 860 1265 924 potest,
1316 872 1414 906 cur
1463 857 1518 904 in
1560 856 1815 907 omnibus
1854 856 1955 908 bo-

208 928 806 1001 tameo-geographicis
849 929 1403 981 commentationibus
1444 927 1511 979 de
1544 927 1744 980 Silesia
1783 935 1955 999 serip-

211 1006 283 1056 tis
324 1007 578 1075 superior
614 1004 740 1055 finis
779 1003 1021 1073 regionis
1062 1003 1236 1055 silvae
1276 1001 1578 1054 frondosae
1619 1003 1760 1054 infra
1826 1010 1962 1056 1900

214 1079 416 1149 pedum
458 1079 675 1149 positus
718 1078 864 1145 sit2).
941 1077 1102 1128 Fines
1145 1081 1459 1147 superiores
1501 1078 1641 1129 enim
1690 1083 1827 1130 1900
1870 1097 1963 1148 pe-

215 1153 344 1205 dum
386 1153 702 1223 assequitur
741 1151 876 1203 haee
915 1152 1067 1222 regio
1092 1152 1325 1214 demum,
1369 1155 1424 1203 in
1466 1155 1643 1214 terris,
1685 1169 1826 1222 quae
1852 1170 1963 1203 ma-

215 1231 298 1299 gis
340 1228 411 1280 ad
461 1225 740 1279 meridiem
799 1232 1051 1296 vergunt,
1117 1233 1178 1278 ut
1239 1227 1296 1278 in
1336 1226 1578 1288 Austria,
1637 1229 1691 1278 in
1730 1226 1965 1279 vBavaria

213 1302 557 1356 meridionali
619 1309 720 1354 cet.
783 1308 836 1352 et
897 1306 1107 1371 quanto
1168 1301 1391 1371 longius
1449 1301 1834 1372 progredimur
1892 1301 1964 1353 ad

215 1378 647 1448 septentrionem
688 1394 772 1437 eo,
811 1376 986 1446 magis
1035 1375 1394 1439 descendunt,
1449 1375 1580 1427 dum
1619 1375 1758 1429 silva
1812 1375 1964 1428 fron-

214 1453 356 1504 dosa
393 1470 516 1503 raro
557 1454 811 1514 occurrit,
864 1449 1102 1520 denique
1141 1450 1305 1520 plane
1345 1450 1650 1517 evanescit3
1708 1469 1819 1521 quo
1860 1469 1966 1502 ma-

214 1528 296 1597 gis
338 1545 469 1579 vero
511 1525 583 1576 ad
622 1524 900 1577 meridiem
941 1527 1210 1587 venimus,
1272 1524 1345 1576 ad
1394 1543 1459 1576 eo
1520 1525 1767 1577 altiorem
1805 1525 1966 1577 finem

214 1601 465 1653 ascendit
506 1601 648 1653 silva
686 1599 975 1652 frondosa.
1053 1599 1237 1670 Fagus
1263 1599 1594 1653 silvatica-L.
1634 1600 1776 1651 enim
1815 1599 1965 1670 apud

213 1676 445 1728 Romam
487 1694 601 1727 non
653 1677 760 1726 nisi
810 1677 867 1726 in
922 1675 1304 1744 superioribus
1350 1675 1633 1726 montibus
1693 1678 1963 1744 provenit,

214 1757 276 1802 ut
315 1753 370 1801 in
410 1757 596 1804 monte
639 1749 1017 1811 „Artemisio“,
1061 1747 1369 1812 „Genaro“‚
1411 1749 1467 1800 in
1490 1748 1794 1818 Hispaniae
1833 1768 1963 1819 pro-

216 1825 424 1889 vinciis,
462 1824 843 1888 inCantabria,
881 1823 1208 1894 Arragonia,
1249 1823 1556 1886 Catalonia,
1597 1823 1965 1894 inPyrenaeis

214 1900 498 1952 montibus
542 1902 599 1950 in
637 1901 862 1969 regione
901 1898 1198 1968 subalpina
1236 1906 1291 1950 et
1330 1898 1517 1968 alpina
1555 1905 1771 1950 tantum
1796 1899 1855 1966 3).

367 1973 482 2026 Sed
523 1980 586 2025 ut
622 1973 803 2025 lineae
843 1973 1044 2025 caloris
1084 1976 1122 2039 (i
1160 1991 1204 2026 e.
1241 1972 1567 2039 Isotherme,
1606 1972 1967 2036 Isochimene,

216 2047 488 2116 Isothere)
548 2049 778 2118 paribus
840 2047 1146 2099 intervallis
1194 2066 1312 2099 non
1361 2047 1572 2098 distant
1621 2065 1654 2098 a
1703 2047 1967 2118 gradibus

215 2122 525 2174 latitudinis
568 2122 1039 2192 septentrionalis,
1090 2122 1168 2174 ita
1205 2122 1330 2174 finis
1369 2121 1631 2174 silvarum
1669 2121 1967 2174 frondosa-

214 2215 333 2248 rum
373 2197 460 2248 his
500 2197 764 2267 gradibus
805 2216 921 2248 non
961 2197 1298 2250 terminatur,
1373 2195 1449 2249 Ut
1485 2196 1528 2252 F
1532 2214 1668 2267 agus
1697 2197 1964 2262 silvatica,

218 2289 356 2341 quae
395 2289 574 2342 prope
611 2271 1019 2342 Regimontium
1060 2271 1178 2342 (qui
1215 2270 1374 2322 locus
1416 2277 1502 2322 est
1543 2272 1646 2323 sub
1687 2270 1864 2342 gradu
1882 2277 1965 2325 55.

216 2345 525 2398 latitudinis
586 2346 1057 2416 septentrionalis)
1112 2347 1391 2398 evanescit
1409 2346 1468 2413 4),
1520 2363 1775 2398 occasum
1831 2345 1966 2399 solis

216 2439 412 2472 versus
461 2420 763 2490 usque‘ad
819 2419 1228 2471 meridionalem
1274 2419 1602 2491 Norwegiae
1652 2428 1863 2490 partem
1915 2428 1968 2471 et

217 2494 289 2546 ad
340 2495 588 2547 Scotiam
639 2494 970 2565 (Edinburg)
1035 2494 1404 2566 progreditur,
1460 2497 1726 2546 orientem
1775 2513 1967 2547 versus

216 2573 530 2639 assequitur
567 2570 623 2620 in
675 2568 942 2621 Caucasia
990 2575 1136 2621 terra
1184 2568 1413 2640 gradum
1464 2576 1678 2620 tantum
1730 2569 1966 2639 quadra-

216 2644 481 2713 gesimum
508 2644 743 2696 tertium.
821 2643 1055 2708 Addam,
1098 2644 1249 2714 quod
1278 2643 1548 2709 Quercus,
1591 2662 1760 2714 quum
1797 2645 1852 2695 in
1881 2643 1965 2695 Si-

215 2718 351 2769 lesia
391 2718 462 2770 ad
513 2725 727 2770 montes
777 2737 891 2770 non
943 2719 1209 2782 aseendit,
1271 2736 1415 2788 quos
1463 2718 1649 2788 Fagus
1700 2717 1963 2780 silvatica,

214 2791 391 2844 multo
432 2793 604 2864 magis
642 2793 698 2844 in
739 2796 1173 2863 septentrionem
1214 2799 1483 2863 penetrat,
1527 2810 1691 2862 quam
1719 2791 1874 2857 haee,
1913 2799 1966 2843 et

335 2970 370 3024 1)
401 2969 579 3027 Meyen,
611 2969 1111 3027 Pflanzengeographie.
1144 2985 1246 3028 pag.
1280 2971 1379 3015 264.

333 3030 372 3084 ²)
405 3029 555 3082 Milde,
605 3029 687 3071 Die
718 3028 1017 3087 Verbreitung
1071 3030 1148 3073 dei·
1198 3029 1493 3073 schlesischen
1523 3028 1804 3071 Laubmoose
1854 3029 1966 3090 nael}

218 3087 303 3131 den
333 3088 494 3131 Hc'ihen
527 3088 833 3146 (Eingegeben
864 3088 935 3130 bei
968 3089 1046 3131 der
1065 3089 1108 3131 K
1154 3090 1202 3133 L.
1223 3089 1269 3132 C.
1305 3090 1358 3133 D.
1379 3089 1431 3133 A.
1468 3087 1594 3142 1861,
1628 3102 1697 3129 am
1722 3088 1789 3134 18.
1808 3088 1965 3145 April).

216 3146 278 3193 Μ.
311 3147 479 3191 Elsner.
513 3147 730 3203 Synopsis
760 3147 897 3190 florae
931 3148 1309 3201 Cervimontanae,
1343 3146 1606 3190 dissertatio.

341 3206 377 3262 ⁸)
410 3206 512 3247 Don
542 3205 746 3248 Mariano
779 3206 847 3250 del
880 3206 1020 3260 Arno,
1071 3207 1203 3251 Mem.
1237 3207 1359 3250 acad.
1393 3206 1447 3249 de
1494 3206 1650 3251 scienc.
1707 3205 1760 3247 de
1791 3204 1967 3248 Madrid

220 3264 620 3381 lSffl‘fixilaissgry,
653 3323 803 3368 Ueber
834 3325 903 3368 die
934 3325 1067 3369 Flora
1098 3339 1184 3368 von
1216 3325 1449 3379 Preussen,
1482 3322 1767 3382 Konigsberg
1802 3322 1925 3369 1863.
