2307 3659
1031 122 1095 173 25

193 283 404 334 etiamsi
444 297 556 331 uno
598 278 744 338 loco,
786 281 839 329 in
881 296 1026 349 pago
1057 277 1445 347 ‚‚Euldorfel“,
1487 278 1579 348 qui
1621 279 1740 347 ipse
1783 280 1941 330 2690‘

193 358 333 407 situs
386 360 505 414 est,
566 353 789 405 Avenae
839 353 1047 404 sativae
1095 360 1149 403 et
1190 351 1384 406 Solani
1435 351 1686 404 tuberosi
1728 349 1945 403 cultura

191 447 368 500 usque
408 428 478 480 ad
520 432 678 480 2700‘
719 425 831 479 fere
871 426 1135 496 procedit,
1219 425 1411 478 Secale
1451 424 1672 478 Cereale
1713 431 1766 477 et
1798 424 1920 477 Hor

195 503 354 555 deum
404 502 629 573 vulgare
681 501 811 567 (hoc
861 502 915 552 in
961 500 1049 552 his
1097 499 1236 551 locis
1285 499 1382 551 illo
1437 501 1681 552 crebrius
1724 499 1944 559 colitur)

195 577 536 629 altitudinem
562 581 940 629 2500-2600‘
969 592 1084 627 non
1124 572 1511 635 transcedunt3
1554 576 1716 626 sicuti
1743 573 1944 625 altissi-

194 669 314 702 mus
366 669 495 722 ager
541 650 751 703 Secalis
806 648 1043 702 Cerealis
1105 651 1159 699 in
1209 647 1490 699 montibus
1540 648 1748 700 nostris
1799 645 1945 698 infra

194 742 452 777 cacumen
505 726 710 775 montis
751 723 1273 793 ‚,Sonnenkoppe“
1328 720 1584 785 obvenit,
1646 725 1739 792 qui
1798 739 1943 792 ager,

194 817 362 870 quum
401 798 749 850 altitudinem
792 803 950 852 25001
991 800 1206 849 circiter
1243 795 1438 857 habet,
1495 796 1550 846 in
1591 795 1769 847 media
1809 795 1949 846 silva

195 877 337 926 situs
398 880 508 925 estt
585 872 926 942 altissimum·
971 878 1147 924 autem
1200 869 1412 922 Hordei
1459 869 1703 940 vulgaris
1758 887 1949 940 agrum

193 965 370 1018 prope
409 953 613 1018 pagum
656 945 1030 1009 ‚‚Euldorfel“
1073 953 1126 997 et
1165 945 1237 996 ad
1274 950 1516 996 montem
1559 943 1948 1007 „Neumanns-

193 1022 367 1090 berg“
408 1020 893 1090 deprehendimUS‚
934 1020 1029 1072 ubi
1069 1037 1336 1071 summum
1379 1023 1519 1071 2600
1561 1017 1764 1088 pedum
1803 1035 1950 1069 asse-

195 1099 401 1166 quitur.
490 1096 685 1147 Tritici
726 1112 856 1147 vero
899 1095 1115 1146 cultura
1156 1093 1388 1146 excedat
1427 1111 1541 1144 non
1580 1093 1788 1163 ubique
1827 1091 1948 1142 alti-

194 1170 442 1222 tudinem
500 1175 637 1223 1500
696 1169 916 1239 pedum.
1017 1168 1320 1220 Pomorum
1386 1167 1604 1219 cultura
1653 1165 1797 1218 infra
1845 1165 1950 1216 has

196 1243 517 1296 altitudines
556 1244 672 1314 jam
712 1246 1018 1304 evanescit,
1060 1245 1218 1313 cujus
1261 1242 1508 1294 altissimi
1550 1241 1658 1293 loci
1698 1242 1753 1293 in
1796 1243 1952 1311 pagis

199 1318 629 1385 „Kaschbach“
672 1324 726 1370 et
767 1317 1577 1386 „Schlesisch-Falkenberg“
1631 1322 1790 1377 sunt,
1856 1315 1951 1366 ubi

194 1394 378 1465 Pyrus
420 1396 750 1456 00111111111118,
805 1394 983 1444 1311118
1024 1399 1237 1444 tantum
1274 1391 1457 1463 Pyrus
1497 1390 1681 1443 Malus
1725 1396 1777 1441 et
1817 1389 1958 1441 Pru-

195 1488 300 1520 nus
339 1467 529 1519 Padus
572 1468 834 1534 occurrit3
892 1485 1072 1538 neque
1129 1468 1297 1537 igitur
1352 1465 1760 1536 transgreditur
1818 1464 1954 1516 haec

200 1543 417 1595 cultura
455 1541 804 1594 altitudinem
848 1548 989 1595 2300
1031 1541 1251 1612 pedum.

338 1617 463 1669 Huc
511 1616 749 1680 accedit,
804 1623 867 1668 ut
914 1616 1216 1669 nonnullae.
1265 1614 1468 1666 herbae
1522 1632 1746 1685 quoque
1788 1629 1957 1683 supra

197 1691 543 1744 altitudinem
584 1696 726 1744 2600
768 1691 972 1761 pedum
1011 1690 1369 1761 proveniant,
1423 1696 1589 1759 atque
1632 1688 1956 1760 singulatim

198 1774 251 1818 et
287 1767 464 1818 rarius
504 1765 647 1817 infra
685 1766 827 1817 hanc
868 1766 1225 1819 descendant.
1326 1763 1470 1815 Sunt
1511 1763 1678 1815 enim:
1753 1762 1954 1814 Arabis

197 1841 436 1902 Halleri,
504 1840 840 1912 Homogyne
897 1841 1113 1912 alpina,
1182 1839 1500 1892 Hieracium
1557 1840 1956 1898 aurantiacum,

199 1915 542 1986 Mulgedium
600 1915 846 1985 alpinum
908 1915 1071 1977 Cass,
1137 1914 1370 1966 Phleum
1427 1913 1673 1983 alpinum
1720 1912 1802 1974 L„
1851 1911 1958 1963 Ra-

201 1990 479 2041 nunculus
542 1989 946 2051 aconitifolius,
1006 1990 1302 2041 Veratrum
1353 1987 1742 2049 Lobelianum,
1793 1985 1960 2038 Viola

204 2063 416 2118 biflora.

347 2138 479 2190 Jure
518 2139 684 2209 igitur
721 2139 773 2190 in
818 2139 958 2190 duas
998 2144 1186 2208 partes
1228 2136 1471 2189 dividam
1499 2137 1778 2208 regionem
1802 2152 1958 2186 mon-

202 2223 401 2273 tanam,
445 2216 521 2264 ita
558 2220 621 2265 ut
659 2231 769 2264 una
810 2214 881 2264 sit
919 2213 1163 2274 inferior,
1207 2212 1377 2263 altera.
1410 2213 1480 2263 sit
1508 2214 1782 2281 superior,
1827 2226 1959 2279 qua·

207 2306 325 2339 rum
364 2286 487 2338 finis
527 2295 610 2340 est
649 2287 887 2339 altitudo
930 2292 1070 2341 2600
1113 2285 1334 2357 pedum.

488 2436 549 2490 A.
610 2435 868 2504 Subi-egio
908 2437 1159 2488 montana
1199 2400 1397 2504 (pinea)
1438 2432 1681 2486 inferior.

868 2517 1313 2608 (1000-26002)

354 2658 535 2723 Quum
587 2656 940 2729 altitudines,-
991 2675 1131 2728 quae
1172 2673 1342 2726 supra
1383 2659 1542 2709 26001
1582 2649 1960 2711 transcedunt,

209 2750 275 2785 ex
316 2734 539 2784 summis
579 2735 850 2783 montium
891 2732 1267 2784 cacuminibus
1310 2735 1593 2785 constent,
1646 2726 1788 2776 hanc
1829 2723 1960 2775 sub-

210 2810 486 2877 regionem
540 2809 833 2858 maximum
895 2810 1132 2876 spatium
1194 2805 1440 2856 obtinere
1499 2806 1745 2871 apparet.
1853 2796 1963 2849 Sed

211 2899 324 2932 non
366 2883 544 2933 solum
587 2881 793 2950 majore
836 2884 1041 2950 spatio,
1095 2898 1283 2931 verum
1335 2878 1495 2929 etiam
1549 2876 1812 2925 varietate
1853 2872 1962 2922 sin-

214 2955 463 3026 gularum
503 2956 868 3026 vegetationis
908 2955 1209 3007 formarum
1257 2954 1391 3003 haec
1443 2950 1701 3018 subregio
1752 2952 1837 2996 est
1884 2946 1964 2996 in-

213 3031 396 3100 signis.
498 3031 624 3096 Quo
678 3030 767 3085 fit.
829 3036 888 3080 ut
941 3030 1229 3081 maximam
1286 3027 1595 3096 plantarum
1658 3021 1966 3072 ubertatem

214 3106 489 3174 praebeat.
591 3105 844 3155 Attamen
896 3103 1035 3155 silva
1082 3101 1394 3173 praevalet,
1455 3098 1611 3166 cujus
1671 3112 1840 3164 quum
1899 3092 1966 3144 de

215 3179 452 3248 generali
495 3179 677 3248 specie
734 3195 901 3247 supra
941 3180 1059 3248 jam
1109 3175 1435 3229 dixerimus,
1501 3189 1647 3222 nunc
1707 3167 1963 3239 pluribus

215 3253 398 3304 verbis
453 3252 671 3322 singula
720 3270 1009 3321 exponam.
1111 3251 1290 3315 Quum
1352 3253 1532 3298 autem
1582 3247 1638 3295 in
1685 3241 1966 3294 montibus

218 3326 443 3387 nostriS,
486 3332 548 3376 ut
587 3326 640 3377 in
683 3329 876 3378 ceteris
919 3326 1172 3395 partibus
1196 3321 1442 3377 Silesiae‚
1489 3316 1783 3390 praecipua
1806 3332 1965 3385 vege-

1591 3408 1619 3448 4
