2307 3659
987 147 1052 197 33

295 302 521 354 Praeter
557 298 725 350 modo
753 299 1062 370 descriptas
1088 300 1452 371 vegetationis
1474 299 1682 352 formas
1722 297 1907 357 erioeti

154 377 329 428 forma
368 376 494 428 huic
531 376 743 444 regioni
777 391 891 424 non
932 374 1102 434 deest,
1143 375 1420 426 rarissime
1477 372 1697 444 quidem
1740 371 1908 423 obve—

153 453 324 513 niens,
367 450 644 501 minimum
686 449 925 517 spatium
971 465 1272 517 occupans
1360 447 1585 499 Praeter
1623 444 1910 498 Callunam

155 525 432 595 vulgarem
474 530 671 583 tamen,
713 528 767 573 et
806 521 1040 574 Salicem
1079 534 1359 590 repentem
1402 527 1456 571 et
1503 520 1746 571 lichenes
1787 519 1911 590 plu-

154 617 240 650 res
280 605 342 649 ut
384 597 708 649 Cladoniam
737 595 1092 656 cumulatam,
1116 594 1456 658 fimbriatam,
1479 594 1755 665 gracilem,
1796 610 1909 645 ma-

155 672 425 732 cilentam,
466 669 857 740 rangiferinam
897 674 1058 742 (quae
1098 686 1233 740 prae
1274 671 1468 719 ceteris
1499 668 1727 720 maxime
1757 685 1912 739 prae-

152 747 320 812 valet)
364 744 705 819 pyxidatam,
746 752 1079 815 pungentem
1121 751 1241 803 etc.,
1297 741 1733 793 Corniculariam
1785 760 1912 793 acu—

156 822 369 880 leatam,
413 818 710 870 Cetrariam
734 819 1060 870 islandicam
1102 823 1264 890 (quae
1303 819 1361 867 in
1402 816 1683 867 montibus
1709 817 1915 868 nostris

157 894 227 946 ad
270 910 516 945 summos
556 891 876 944 altitudines
916 912 1030 945 non
1085 890 1353 958 ascendit)
1416 889 1622 940 nullam
1674 889 1915 960 peculia-

158 987 269 1020 rem
313 968 712 1039 vegetationem
752 968 997 1035 praebet,
1040 967 1145 1019 nisi
1185 966 1331 1018 forte
1371 962 1654 1019 Triodiam
1697 962 1916 1016 decum—

157 1044 390 1105 bentem,
432 1041 671 1092 Juncum
711 1058 1088 1110 squarrosum,
1131 1049 1230 1094 cet.
1274 1037 1694 1091 enumeraveriS.
1906 1086 1908 1090 .

305 1116 628 1167 Pla-ntarum
669 1132 801 1167 vero
844 1118 1158 1186 agrestium,
1197 1113 1549 1175 ruderalium,
1588 1115 1917 1170 arvensium,

161 1193 548 1261 campestrium
599 1195 650 1240 et
700 1188 1186 1263 hydrophytarum
1236 1189 1376 1240 haec
1433 1189 1603 1257 regi0‚
1670 1186 1919 1258 exceptis

161 1265 387 1316 Mentha
426 1263 630 1335 gentili,
672 1264 1112 1334 Alectorolopho
1153 1263 1383 1325 hirsutO,
1423 1260 1758 1314 Ranuncu'lo
1798 1261 1921 1312 flui-

161 1348 327 1401 tante,
367 1338 598 1390 Rumice
637 1342 912 1408 aquatico,
952 1339 1214 1409 Epilobio
1266 1338 1498 1407 virgam,
1555 1335 1740 1388 nullas
1793 1353 1922 1406 pro-

160 1417 308 1483 prias
371 1414 582 1482 species
639 1412 887 1472 exhibet,
949 1431 1177 1484 quarum
1245 1414 1378 1463 satis
1436 1408 1659 1481 quidem
1725 1426 1925 1481 magna

162 1488 459 1539 multitudo
500 1489 554 1538 in
604 1487 709 1538 hac
750 1489 972 1559 regione
1021 1489 1296 1558 provenit,
1349 1487 1404 1536 in
1463 1483 1647 1535 infima
1703 1488 1925 1555 regione

163 1580 294 1614 vero
338 1580 369 1612 a
405 1562 568 1613 nobis
604 1561 714 1628 jam
736 1563 1082 1632 deprehensa
1111 1567 1211 1613 est.
1266 1559 1313 1611 E
1355 1559 1556 1629 quibus
1585 1561 1925 1627 superiorem

165 1636 326 1688 finem
365 1636 568 1706 pedum
615 1641 974 1690 1400—2000
1017 1642 1397 1705 assequuntur
1433 1632 1562 1685 hae:

166 1711 454 1781 Anagallis
496 1712 730 1764 arvenis,
1051 1710 1307 1763 Fumaria
1348 1705 1657 1763 officinalis.

167 1784 436 1856 Aphanes
479 1788 741 1838 arvensiS.
1052 1784 1348 1854 Galeopsis
1388 1780 1660 1839 Tetrahit,

167 1859 431 1911 Arenaria
471 1859 851 1932 serpyllifolia.
1053 1859 1268 1912 Galium
1308 1857 1567 1927 Aparine.

171 1935 462 1990 Artemisia
501 1934 764 2005 vulgaris,
1054 1933 1273 1986 Galium
1314 1932 1580 2002 palustre.

168 2009 423 2078 Atriplex
461 2008 759 2061 hastatum.
1050 2008 1346 2060 Geraninm
1386 2004 1666 2077 pusillum.

170 2081 375 2134 Bidens
416 2085 710 2152 tripartita.
1051 2083 1308 2154 Glyceria
1345 2082 1567 2150 plicata.

173 2155 426 2208 Carduus
467 2156 848 2212 acanthoideS.
1053 2155 1410 2228 G-ypsophila
1447 2151 1690 2206 muralis,

175 2229 352 2282 Carex
391 2230 685 2300 paludosa.
1051 2232 1213 2283 Inula
1252 2229 1574 2282 britannica.

175 2304 561 2356 Chelidonium
600 2307 793 2376 majus,
1052 2306 1300 2357 Lamium
1341 2319 1699 2373 purpureum.

177 2378 602 2449 Chenopodium
644 2381 845 2433 album.
1059 2380 1265 2431 Lemna
1303 2381 1498 2433 minor.

181 2453 607 2523 Chenopodium
635 2455 828 2507 Bonus
872 2454 1020 2505 Heu·
1062 2453 1354 2523 Lepidium
1392 2456 1715 2521 campestre,

321 2532 487 2582 ricus,
1065 2529 1287 2580 Linaria
1325 2530 1518 2579 minor.

179 2603 413 2654 Cirsium
452 2603 836 2656 lanceolatum.
1057 2603 1509 2671 Lithospermum
1549 2614 1794 2650 arvense.

180 2676 460 2729 Coronilla
499 2679 665 2731 varia.
1057 2677 1244 2730 Malva
1282 2675 1569 2729 silvestris,

179 2751 374 2821 Crepis
416 2758 703 2804 tectorum.
1061 2752 1375 2803 Matricaria
1417 2744 1795 2802 Chamomilla.

180 2825 418 2877 Echium
462 2827 702 2897 vulgare.
752 2846 755 2847 ⁷
1060 2825 1288 2895 Mentha
1329 2826 1601 2894 aquatica.

181 2899 510 2969 Equisetum
551 2902 822 2952 limosum.
1058 2899 1286 2951 Mentha
1325 2898 1587 2951 arvensiS.

181 2973 449 3026 Erodium
492 2979 832 3028 cicutarium.
1057 2973 1287 3026 Mentha
1329 2971 1616 3025 silvestris.

181 3048 449 3118 Erophila
492 3051 747 3120 vulgaris.
1064 3048 1342 3120 Myosotis
1385 3049 1592 3097 stricta.

181 3122 496 3193 Erysimum
539 3124 1002 3177 cheiranthoideS.
1065 3122 1257 3174 Neslia
1296 3119 1630 3190 paniculata.

183 3196 489 3267 Erythraea
529 3197 826 3265 pulchella.
1067 3195 1302 3263 Nuphar
1341 3195 1565 3245 luteum.

184 3270 515 3341 Euphorbia
553 3270 928 3342 Helioscopia.
972 3307 978 3315 -
1065 3270 1319 3338 Papaver
1356 3268 1597 3320 Rhoeas.

182 3344 421 3397 Festuca
461 3345 748 3415 pratensis
1065 3341 1319 3396 Phalaris
1362 3340 1745 3394 arundinacea.

1659 3424 1685 3465 5
