2307 3659
1057 130 1123 176 37

213 280 491 351 posterior
548 283 602 330 in
645 280 798 350 jugis
857 280 995 350 ipsis
1056 297 1336 356 appareat,
1398 288 1492 339 illa
1550 292 1608 340 in
1663 287 1968 340 declivibus

214 357 479 406 montium
524 361 575 404 et
606 354 893 424 jugorum:
951 360 1035 406 cui
1078 365 1154 410 rei
1196 365 1528 413 contrarium
1569 361 1627 414 id
1668 370 1765 423 est,
1817 361 1969 432 quod

214 436 431 481 montes
473 430 714 498 gigantei
755 429 1038 496 praebent.
1121 432 1288 496 Quod
1339 434 1498 486 facile
1554 454 1621 487 ex
1672 454 1736 487 eo
1797 435 1969 506 expli-

220 506 331 554 cari
370 510 573 572 potest,
643 502 792 572 quod
833 505 887 553 in
944 503 1031 555 his
1083 508 1363 558 montibus
1427 510 1575 579 uligo
1625 510 1763 580 juga
1819 512 1969 579 tegit,

216 577 394 629 nostri
435 583 650 626 montes
691 575 827 627 nihil
870 577 1143 646 ejusmodi
1185 580 1476 632 exhibent:
1521 585 1677 652 cujus
1710 586 1785 634 rei
1811 586 1969 635 testi»

218 653 457 702 monium
503 657 687 701 exstat
717 652 833 719 jain
873 651 924 702 iu
969 671 1049 715 eo,
1116 654 1267 723 quod
1309 654 1511 706 desunt
1562 657 1819 726 propriae
1865 658 1967 708 uli-

216 726 358 796 ginis
403 723 642 793 plantae,
682 731 744 775 ut
764 725 1122 778 Andromeda
1164 727 1433 797 polifolia,
1475 729 1795 781 Vaccinium
1818 731 1970 802 Oxy-

217 817 436 857 000003,
494 797 923 850 -Sclieuclizeria
990 802 1269 869 palustriS,
1336 801 1508 853 Carex
1573 803 1782 858 limosa.
1862 805 1973 857 »Sed

220 875 381 924 etiam
426 874 884 942 percontantibus
925 876 1105 938 nobis,
1158 875 1441 946 quomodo
1485 879 1777 946 gignantur
1815 887 1974 949 prata

219 946 400 1010 uvida,
460 945 622 997 facile
673 965 1008 1017 cognoscere
1068 951 1212 1013 licet,
1298 950 1522 1020 uliginis
1577 951 1805 1004 formam
1864 953 1973 1005 hoc

218 1021 345 1073 loco
389 1021 601 1073 abesse.
682 1021 1013 1073 Nostrorum
1070 1027 1208 1075 enim
1264 1027 1526 1075 montium
1580 1034 1796 1094 pratum
1854 1028 1972 1077 uvi-

220 1095 346 1147 dum
392 1102 444 1146 et
495 1095 744 1163 palustre
794 1115 860 1146 ex
922 1116 985 1147 eo
1046 1099 1307 1158 nascitur,
1370 1098 1523 1168 quod
1581 1100 1683 1149 rivi
1748 1119 1779 1151 a
1829 1101 1975 1170 jugis

220 1168 618 1222 descendentes
662 1168 958 1238 perfluunt,
1015 1174 1200 1243 itaque
1241 1174 1442 1224 siccum
1486 1181 1702 1242 pratum
1741 1173 1977 1226 reddant

221 1243 444 1295 uvidum
486 1249 539 1294 et
582 1243 842 1312 palustre.
923 1246 1061 1310 Quia
1105 1265 1236 1298 vero
1287 1250 1467 1298 omnia
1510 1246 1644 1298 haec
1710 1255 1866 1318 prata
1922 1251 1978 1299 in

222 1318 530 1369 declivibus
575 1320 681 1368 sita
722 1317 1066 1371 horizontem
1108 1339 1300 1372 versus
1341 1321 1630 1379 inclinant,
1707 1322 1823 1374 fieri
1863 1341 1977 1374 non

223 1398 426 1462 potest,
471 1398 532 1442 ut
574 1409 718 1460 aqua
745 1391 992 1444 defluens
1016 1394 1105 1445 hic
1129 1395 1334 1447 diutius
1357 1402 1588 1466 stagnet,
1629 1404 1682 1447 et
1706 1404 1769 1449 ut
1798 1396 1976 1466 quod-

220 1485 325 1536 que
367 1468 539 1536 magis
602 1465 854 1517 minusve
916 1469 1158 1532 inclinat,
1223 1472 1301 1520 ita
1349 1471 1521 1540 magis
1562 1471 1811 1522 minusve
1858 1471 1977 1523 uvi-

220 1541 350 1592 dum
393 1548 488 1591 aut
528 1539 777 1608 palustre
817 1550 918 1603 est,
964 1546 1095 1612 quin
1138 1547 1301 1595 etiam
1339 1544 1519 1596 media
1551 1548 1606 1596 in
1649 1552 1857 1597 aestate
1897 1547 1976 1597 in-

218 1614 433 1667 terdum
496 1631 670 1683 paene
737 1615 882 1667 sicca
953 1624 1098 1671 sunt.
1178 1618 1472 1687 Proprium
1506 1632 1519 1635 ”
1543 1622 1710 1689 igitur
1768 1621 1976 1672 nostris

217 1690 500 1742 montibus
544 1695 642 1747 est,
687 1689 840 1759 quod
881 1691 1086 1761 uligine
1128 1700 1389 1743 montana
1429 1700 1632 1754 carent,
1676 1712 1787 1763 qua
1823 1694 1878 1746 in
1921 1713 1978 1746 re

216 1766 416 1836 partim
473 1762 714 1814 fortasse
756 1782 926 1816 causa
967 1768 1098 1817 insit
1138 1769 1359 1835 inopiae
1423 1766 1738 1837 plantarum
1782 1771 1839 1819 in
1886 1788 1974 1820 su-

217 1838 529 1909 perioribus
571 1855 760 1889 eorum
801 1839 956 1893 locis.
1040 1840 1370 1911 Subregioni
1413 1860 1542 1892 vero
1570 1843 1844 1912 superiori
1883 1862 1977 1913 pe-

216 1912 441 1965 culiaria
482 1918 698 1982 pratum
738 1913 965 1964 uvidum
1011 1933 1190 1984 pauca
1241 1933 1440 1986 genera
1488 1916 1679 1968 habet:
1745 1916 2013 1970 Cirsium·

217 1986 686 2058 heterophyllum,
786 1987 1100 2040 Hieracium
1182 1990 1465 2060 gothicum
1543 1990 1647 2052 Fr„
1746 1991 1975 2044 Senecio

220 2065 497 2131 crispatus
538 2060 671 2124 DC„
713 2061 1009 2114 Veratrum
1062 2063 1442 2125 Lobelianum,
1502 2083 1612 2135 quo
1672 2069 1977 2134 posteriore

217 2136 480 2206 imprimis
520 2135 719 2186 horum
762 2143 1047 2205 pratorum
1087 2138 1296 2189 nullum
1350 2145 1498 2190 caret
1548 2139 1820 2209 etiamque
1872 2142 1974 2194 sic-

219 2211 296 2261 cis
334 2208 473 2261 locis
496 2212 773 2277 provenit,
814 2214 947 2261 utin
973 2215 1179 2263 vertice
1203 2213 1407 2263 montis
1428 2213 1975 2286 „Sonnen-Koppe“.

217 2283 385 2336 Haud
424 2285 686 2334 minorem
731 2290 1028 2353 ege-statem
1088 2304 1344 2356 generum
1403 2290 1757 2357 propriorum
1815 2297 1974 2359 prato

218 2357 390 2410 uvido
432 2357 601 2407 habet
653 2364 872 2426 pratum
929 2361 1149 2423 siccum,
1208 2368 1337 2410 sunt
1378 2363 1542 2414 enim:
1601 2362 1799 2414 Arabis
1839 2364 1973 2416 Hal-

216 2432 332 2493 leri,
400 2429 617 2482 Galium
676 2431 928 2497 silvestre
989 2432 1149 2495 Poll„
1212 2433 1526 2486 Hieracium
1586 2437 1975 2502 aurantiacum,

218 2506 453 2560 Phleum
496 2504 758 2574 alpinum.
837 2505 1143 2558 Potentilla
1194 2525 1376 2566 aurea,
1438 2526 1601 2578 quam
1652 2513 1708 2562 in
1766 2512 1973 2564 nostris

220 2580 505 2633 montibus
560 2597 680 2630 esse
746 2579 883 2630 flora
925 2579 1123 2632 Silesia
1174 2581 1240 2634 cl.
1281 2581 1550 2634 VVimmer
1599 2583 1747 2635 edita
1793 2586 1974 2646 refert,

220 2673 302 2707 me
344 2653 751 2705 studiosissime
792 2662 1142 2723 quaerentem
1177 2662 1230 2706 et
1257 2655 1610 2725 indagantem
1632 2658 1972 2713 fefellerunt:

224 2745 554 2800 quamquam
595 2726 791 2778 horum
834 2728 1084 2779 locorum
1124 2728 1263 2779 flora
1303 2749 1414 2780 non
1471 2730 1582 2782 fere
1640 2735 1806 2801 inops
1864 2733 1974 2785 dici

217 2809 420 2873 potest,
467 2804 596 2871 quia
636 2801 932 2871 pleraeque
977 2801 1302 2871 plantarum,
1357 2821 1495 2872 quas
1537 2808 1741 2874 primae
1783 2807 1971 2858 subre-

218 2879 368 2948 gioni
411 2876 671 2945 proprias
715 2878 1169 2937 enumeravimus,
1223 2876 1315 2926 hic
1357 2895 1580 2947 quoque
1621 2897 1678 2929 se
1720 2879 1970 2944 offerunt,

216 2952 508 3020 imprimis:
597 2949 971 3018 Eriophorum
1063 2949 1500 3019 angustifolium‚
1588 2951 1971 3023 Gymnadenia

217 3041 515 3093 conopsea‚
561 3024 760 3075 Orchis
800 3024 1059 3087 mascula,
1098 3023 1443 3075 Pedicularis
1485 3024 1750 3087 silvatica,
1809 3027 1968 3080 Peta-

217 3102 350 3150 sites
371 3098 546 3158 albus,
581 3097 825 3149 Primula
847 3098 1057 3155 elatior,
1097 3097 1410 3168 Phyteuma
1436 3102 1724 3166 spicatum,
1767 3099 1965 3154 Stella-

215 3173 295 3224 ria
334 3171 625 3241 uliginosa,
669 3178 768 3222 etc.

362 3245 591 3296 Praeter
629 3245 797 3296 modo
840 3252 1166 3297 memoratas
1209 3244 1420 3313 species
1460 3243 1566 3296 hae
1595 3245 1711 3315 jam
1750 3250 1807 3298 in
1849 3247 1967 3317 pla·

216 3321 350 3373 nitie
389 3318 705 3388 frequenter
755 3326 1108 3371 occurrentes
1161 3318 1382 3389 plantae
1433 3326 1721 3387 pratenses
1770 3328 1826 3372 et
1873 3321 1966 3373 sil-
