2307 3659
1011 124 1072 171 31

172 284 439 338 Lonicera
477 281 829 354 Xylosteum.
1083 282 1124 348 †
1157 279 1427 332 Collomia
1467 277 1820 350 grandiflora,

174 357 470 429 Galeopsis
494 353 852 427 angustifolia
873 352 1047 407 Ehrh.
1093 353 1370 405 Veroniea
1408 353 1659 407 latifolia.

1083 427 1364 497 Myosotis
1382 426 1701 497 sparsiflora
1714 425 1915 477 Mikan.

1089 499 1468 569 Omphalodes
1518 499 1864 571 scorpioides

1196 573 1498 629 Lehmann.

173 652 370 720 (Seseli
408 652 734 715 Libanotis).
1087 647 1286 714 (Seseli
1326 647 1614 701 Libanotis
1656 648 1738 714 L.)

1084 722 1453 792 Laserpitium
1486 726 1830 791 prutenicum
1861 720 1921 775 L.

1086 797 1357 866 Laserpit.
1399 796 1671 848 latifolum
1714 795 1773 848 L.

1085 870 1419 924 Anthriscus
1450 870 1652 922 dubius
1678 869 1920 921 Kabath.

1087 945 1573 1014 Pleurospermum
1594 945 1922 997 austriaeum

1198 1019 1402 1071 Hoffm.
1738 1044 1741 1047 <

178 1094 593 1164 Sempervivum
614 1094 1048 1150 soboliferumL.
1091 1093 1262 1146 Ribes
1304 1095 1549 1163 alpinum
1587 1092 1648 1147 L.

1092 1169 1349 1221 Berberis
1391 1167 1632 1238 vulgaris
1669 1164 1731 1219 L,

178 1244 377 1295 Arabis
420 1261 653 1296 arenosa
695 1243 860 1314 Scop.
1095 1242 1294 1295 Arabis
1336 1241 1565 1295 Gerardi
1603 1240 1817 1293 Besser.

1100 1316 1423 1369 Cardamine
1462 1316 1763 1385 Impatiens
1801 1312 1863 1367 L.

1094 1390 1417 1443 Cardamine
1458 1390 1711 1442 silvatica
1739 1387 1899 1440 Link.

1092 1464 1338 1518 Drosera
1375 1462 1742 1517 rotundifolia
1779 1461 1838 1519 L,

182 1540 348 1593 Viola
389 1541 593 1593 collina
631 1541 847 1596 Besser.
1095 1539 1263 1593 Viola
1302 1543 1558 1611 stagnina
1595 1537 1856 1591 Kitaibel.

177 1614 478 1668 Portulaea
543 1615 797 1668 oleraeea
853 1614 915 1667 L.
959 1612 1051 1680 (ad
1093 1615 1304 1667 Montia
1343 1614 1601 1668 rivularis
1643 1611 1872 1664 Grmelin⁴

325 1697 499 1756 saxa)

1094 1762 1402 1815 Cerastium
1444 1762 1821 1834 glomeratum.

1092 1837 1434 1909 Hyperieum
1472 1837 1745 1888 hirsutum
1784 1834 1845 1888 L.

187 1912 482 1966 Geraniuni
511 1913 867 1969 divaricatum
883 1912 1056 1966 Ehrh.
1101 1910 1395 1964 Geranium
1438 1911 1676 1981 phaeum
1718 1910 1775 1962 L.

1101 1985 1397 2038 Geranium
1439 1985 1751 2040 silvaticum
1789 1983 1850 2039 L.

180 2062 621 2135 Myriophyllum
680 2065 954 2133 spicatum
992 2060 1051 2112 L.

185 2135 550 2192 Cotoneaster
567 2135 1054 2207 vulgarisLindley
1094 2135 1250 2189 Rosa
1290 2136 1477 2205 alpina
1516 2135 1573 2188 L.

1095 2210 1278 2281 Pyrus
1298 2210 1481 2261 Malus
1521 2209 1583 2264 L.

181 2285 378 2339 Rubus
403 2283 1056 2339 maeroacanthusW.N.
1096 2284 1295 2337 Bubus
1338 2288 1560 2354 apricus
1602 2281 1825 2335 Wimm.

185 2360 467 2413 Poterium
509 2360 888 2431 Sanguisorba
932 2358 990 2413 L,
1106 2355 1408 2410 Potent'issa
1446 2357 1716 2429 rupestris
1754 2355 1816 2408 L.

182 2434 410 2507 Cytisus
455 2437 731 2505 capitatus
770 2433 926 2504 Jaeq,
1103 2433 1510 2485 Sarothamnus
1540 2431 1685 2501 vulg.
1711 2429 1934 2482 Wimm.

182 2508 402 2561 Ononis
444 2509 655 2562 hircina
695 2508 851 2577 Jaeq.
1108 2507 1392 2578 Anthyllis
1434 2507 1767 2559 Vulneraria
1805 2502 1866 2554 L.

190 2582 348 2635 Vicia
390 2585 681 2636 cassubiea
718 2583 779 2638 L.
1107 2581 1270 2635 Vieia
1308 2581 1609 2652 pisiformis
1647 2579 1710 2631 L.

1100 2655 1322 2709 Orobus
1364 2656 1680 2708 tuberosus,

321 2806 399 2861 Ut
439 2811 606 2879 igitur
642 2807 786 2858 duae
846 2805 1017 2857 valles
1078 2806 1426 2877 vegetatione
1488 2805 1619 2854 satis
1662 2799 1935 2855 differunt,

176 2899 278 2932 nee
318 2885 424 2933 nisi
466 2900 676 2955 paucas
717 2880 1026 2950 peculiares
1066 2880 1290 2949 plantas
1330 2886 1565 2947 utraque
1605 2873 1762 2926 simul
1803 2890 1935 2941 pos·

186 2954 342 3019 sidet,
383 2956 455 3007 ita
496 2967 678 3011 tamen
717 2955 1028 3007 meminisse
1069 2955 1346 3014 debemus,
1388 2961 1625 3019 utroque
1664 2948 1791 2998 loco
1834 2945 1939 2997 soli

181 3029 598 3085 fundamentum
679 3047 904 3101 quoque
979 3032 1400 3100 geognosticuin
1459 3024 1735 3077 diversum
1799 3037 1938 3073 esse.

175 3107 236 3159 In
309 3126 420 3178 quo
478 3109 669 3176 quanti
720 3108 978 3157 momenti
1023 3105 1094 3156 sit
1152 3101 1569 3153 fundamentum
1620 3094 1936 3167 geognosti—

177 3200 313 3246 eum,
356 3183 548 3237 mirum
588 3182 644 3232 in
684 3179 910 3230 modum
950 3180 1007 3229 in
1049 3195 1194 3248 pago
1251 3170 1567 3234 ,‚Neudorf“
1616 3186 1793 3239 prope
1833 3167 1937 3219 Sil-

174 3256 407 3326 berberg
432 3254 703 3314 videmuS,
745 3253 839 3305 ubi
862 3253 1062 3305 calcem
1095 3246 1576 3319 deprehendimus,
1618 3243 1707 3306 Et,
1748 3259 1934 3323 quani·

176 3348 337 3400 quam
384 3329 474 3382 hio
514 3329 790 3382 minimum
836 3330 1077 3396 spatium
1123 3341 1180 3374 se
1221 3321 1465 3391 praebet,
1517 3326 1698 3370 tamen
1737 3324 1935 3386 partim
