2307 3659
1013 107 1079 158 23

191 268 362 337 magis
410 266 674 317 continua
723 264 1073 332 potissimum
1121 263 1259 315 locis
1311 281 1374 315 ac
1425 263 1729 316 declivibus
1783 263 1942 316 tectis

189 341 353 393 nobis
396 359 454 392 se
495 339 672 400 offert,
713 342 776 388 ut
815 336 966 406 apud
1006 354 1184 404 casae,
1228 356 1367 407 quas
1410 337 1943 405 ‚,Hahnvorwerk“

188 421 408 476 vocant,
449 413 657 465 habent
695 418 877 463 autem
916 410 1263 462 altitudinem
1301 416 1439 464 2300
1482 412 1699 482 pedum.
1746 408 1847 464 ‘Ibi
1888 412 1944 463 in

189 488 511 552 declivibus,
553 504 694 558 quae
736 491 992 556 spectant
1029 486 1171 536 inter
1209 485 1487 536 meridiem
1508 494 1561 539 et
1584 486 1945 548 occidentem,

187 563 431 634 fagetum
472 559 828 632 splendidum
869 566 922 611 et
960 559 1123 612 valde
1164 557 1430 620 adultum,
1475 561 1627 630 quod
1660 561 1786 631 plus
1819 579 1944 613 cen-

164 639 303 689 ’tum
333 638 531 707 jugera
571 634 796 688 extendi
836 634 1109 688 existimo,
1185 632 1355 698 Quod
1396 642 1575 685 autem
1617 641 1834 706 spectat
1874 634 1946 686 ad

185 711 463 762 meridiem
515 718 813 780 propterea
873 725 1070 779 magna
1130 706 1423 759 commoda
1474 709 1728 776 praebet,
1791 709 1946 779 quod

185 784 510 856 frigidorum
552 791 840 836 ventorum
880 782 1070 846 ssatus,
1125 784 1221 853 qui
1274 781 1590 851 frequentes
1640 787 1869 835 veniunt
1917 802 1948 835 a

184 865 373 911 monte
413 877 625 911 summo
667 857 876 921 „Hohe
914 857 1099 908 Eule“
1143 863 1195 908 et
1235 862 1452 907 montes
1493 873 1524 906 a
1564 860 1944 926 septentrione

187 933 260 986 acl
299 933 578 985 meridiem
613 930 861 1002 perflant,
904 930 1136 984 declivia
1176 930 1246 982 ad
1281 929 1560 982 meridiem
1597 932 1701 981 sita
1722 932 1944 982 omnino

187 1010 458 1079 attingere
497 1026 611 1059 non
651 1019 916 1076 possunt,
954 1024 1080 1057 raro
1122 1024 1253 1059 vero
1296 1004 1532 1058 declivia
1573 1004 1645 1056 ad
1686 1006 1946 1056 orientem

185 1082 487 1134 brumalem
529 1089 581 1133 et
633 1080 976 1132 occidentem
1041 1079 1338 1132 brumalem
1401 1080 1522 1133 sita.
1621 1078 1746 1131 Hoc
1806 1080 1946 1131 situs

188 1156 534 1211 commodum
600 1155 971 1224 comprobant
1044 1154 1214 1207 silvae
1293 1172 1471 1224 prope
1529 1153 1948 1224 Lampersdorf‚

185 1230 596 1302 Weigelsdorf,
651 1229 1064 1300 Langenbielau
1114 1238 1216 1282 cet.
1269 1229 1429 1292 sitae,
1486 1231 1710 1280 omuino
1763 1231 1947 1280 omnia

184 1306 328 1367 loca,
373 1323 511 1376 quae
552 1323 584 1357 a
621 1312 807 1356 monte
831 1303 1024 1367 „Hohe
1049 1302 1223 1354 Eule“
1268 1303 1340 1355 ad
1362 1303 1640 1355 meridiem
1681 1310 1950 1373 spectant,

191 1380 394 1450 quibus
434 1379 574 1431 locis
617 1379 920 1431 obveniunt
960 1396 1128 1447 saepe
1168 1378 1431 1429 continua
1479 1377 1688 1448 fageta,
1743 1378 1946 1448 quibus

188 1463 374 1506 carent
414 1454 653 1506 declivia
694 1454 765 1505 ad
806 1453 1236 1522 septentrionem
1289 1456 1409 1506 sita·
1518 1452 1672 1504 Aliae
1722 1452 1948 1504 arbores

188 1528 508 1589 frondosae,
549 1536 612 1580 ut
649 1528 791 1580 Acer
830 1527 1217 1598 platanoideS,
1256 1526 1398 1578 Acer
1436 1526 1946 1596 PseudoplatanuS‚

188 1603 366 1655 Alnus
391 1603 690 1674 glutinosa,
733 1602 963 1654 Betulae
992 1602 1136 1663 alba,
1179 1602 1507 1670 pubescenS,
1548 1601 1822 1671 Carpinus
1843 1600 1946 1653 Be-

189 1676 368 1742 tuluS‚
420 1677 659 1749 Corylus
700 1676 996 1741 Avellana,
1046 1676 1319 1728 Fraxinus
1360 1676 1649 1740 excelsior,
1694 1675 1947 1746 Populus

187 1752 448 1815 tremula,
490 1753 705 1804 Sorbus
748 1754 1072 1822 aucuparia,
1133 1751 1310 1803 Tiliae
1350 1750 1645 1821 parvifolia
1681 1749 1853 1804 Ehrh.
1897 1757 1950 1801 et

189 1826 524 1898 grandifolia
544 1827 735 1888 Ehrh„
776 1827 970 1880 Ulmus
1015 1827 1355 1895 campestriS,
1397 1825 1722 1895 plerumque
1764 1825 1948 1895 singu-

187 1901 337 1954 latim
379 1901 894 1972 deprehenduntur‚
953 1908 1005 1953 et
1046 1919 1198 1964 raro,
1250 1899 1550 1952 nonnullae
1592 1909 1654 1951 ut
1692 1899 1947 1969 Populus

187 1976 436 2037 tremula,
478 1977 624 2030 Tilia
662 1976 977 2046 parvifolia,
1019 1975 1214 2028 Ulmus
1245 1975 1568 2045 campestris
1593 1980 1694 2028 cet.
1721 1977 1944 2026 omnino

189 2069 300 2103 non
350 2051 518 2103 silvas
576 2060 938 2121 componunt.
1041 2050 1350 2102 Memoratu
1405 2069 1536 2103 vero
1586 2049 1814 2120 dignum
1864 2056 1949 2100 est

189 2128 511 2192 aceretum¹)
550 2129 694 2179 intra
730 2125 868 2178 fines
909 2125 1085 2179 silvae
1127 2143 1301 2195 prope
1326 2123 1732 2195 Lampersdorf
1764 2126 1946 2186 situm,

189 2367 266 2408 der
298 2366 352 2408 im
382 2366 516 2408 Jahre
551 2363 662 2408 1842
704 2362 1100 2421 ausgenommenen
1133 2363 1258 2406 Taxe
1311 2364 1487 2406 konnen
1535 2361 1599 2404 als
1647 2359 1945 2407 dominirende

187 2424 431 2469 Holzarten
465 2423 718 2482 angesehen
751 2422 949 2466 werden:

538 2483 716 2526 Buchen
777 2518 1224 2528 .......
1288 2483 1373 2527 318
1405 2481 1596 2539 Morgen

537 2543 692 2585 Ahorn
783 2577 1226 2587 .......
1318 2542 1374 2585 20

538 2603 701 2644 Birken
778 2634 790 2647 .
856 2637 1227 2647 ......
1347 2601 1374 2643 4

538 2662 696 2705 Blossc
785 2695 1231 2706 .......
1350 2660 1379 2704 8

539 2721 671 2764 Eilen
705 2753 1230 2766 ........
1351 2720 1377 2762 9

536 2780 737 2825 Liirchen
779 2812 1227 2825 .......
1348 2779 1374 2822 9

537 2839 723 2883 Tanncn
756 2838 845 2880 und
874 2837 1056 2881 Fichten
1139 2875 1145 2881 .
1217 2873 1224 2882 .
1258 2837 1373 2881 3566

306 2899 415 2942 Sind
446 2899 651 2942 hiernach
686 2899 752 2941 die
772 2898 1033 2941 Pinusarten
1068 2897 1132 2940 als
1164 2870 1515 2940 vorherrschei’i’d
1548 2893 1861 2946 anzunehmen‚
1893 2907 1943 2935 so

188 2958 332 3002 finden
365 2959 454 3001 sich
487 2959 599 3001 doch
643 2959 851 3001 darunt-er
896 2957 1011 3000 noch
1061 2957 1225 3000 allerlei
1275 2955 1489 2998 niitzliche
1521 2952 1820 3003 Laubh&lzer‚
1870 2952 1945 2993 mit

189 3019 439 3061 Ausnahme
474 3019 551 3061 der
579 3017 756 3071 Eichen,
788 3017 1104 3060 insbesondere
1139 3015 1221 3060 auf
1245 3015 1328 3058 den
1361 3014 1575 3056 mittlcren
1594 3011 1843 3069 Abhangen
1875 3011 1942 3053 die

188 3077 361 3121 Eschen
393 3078 480 3120 und
512 3077 714 3122 Riistern.

306 3137 341 3192 1)
372 3137 751 3194 Vei-handlungen
784 3136 862 3178 des
895 3135 1050 3180 schles.
1085 3133 1390 3177 Forstvereins
1426 3129 1551 3182 1862,
1581 3143 1682 3185 pag.
1717 3127 1824 3170 343:
1857 3126 1942 3170 Be-

190 3196 375 3239 sonders
416 3196 708 3253 merkwiirdig
748 3195 805 3237 ist
844 3209 900 3237 an
942 3195 1020 3238 der
1052 3194 1276 3236 siidlichen
1307 3190 1455 3233 Lehne
1490 3189 1568 3231 des
1598 3186 1942 3243 Knauerberges

190 3255 260 3297 ein
291 3254 512 3313 ungefiihr
545 3255 600 3298 20
630 3254 823 3311 Morgcn
853 3269 1055 3311 grosser,
1102 3252 1192 3295 fast
1221 3251 1378 3303 reiner,
1411 3246 1736 3306 gutwiichsiger
1767 3245 1940 3313 Ahorn-

190 3315 399 3367 bestand,
441 3314 630 3358 weleher
662 3313 797 3356 durch
828 3312 1252 3368 Selbstbesaamung
1285 3309 1326 3351 in
1360 3307 1436 3351 der
1465 3307 1550 3350 Art
1581 3305 1841 3349 entstanden
1871 3310 1940 3356 ist,
