2307 3659
181 391 236 444 B.
316 390 573 460 Subregio
632 390 790 458 pinea
842 390 1133 459 (montana)
1183 393 1430 459 superior
1489 392 1942 464 (2650¹-3160‘)

327 508 481 574 Quae
522 506 1103 561 varietas-formarum
1142 512 1512 577 vegetationis
1554 510 1942 581 distinguebat

182 583 492 634 interiorem
559 582 958 654 subregionem,
1039 597 1102 631 ea
1141 580 1308 649 plane
1349 590 1499 634 caret
1538 586 1802 655 subi-egio
1847 602 1937 636 su-

180 659 401 727 perior:
457 657 607 727 quod
659 655 820 709 facile
861 658 963 708 erit
1015 653 1314 713 intellectu,
1377 660 1638 725 quoniam
1695 676 1938 711 summos

180 737 393 782 tantum
432 734 700 782 montium
743 730 975 782 vertices
1017 735 1274 799 occupat,
1323 734 1386 780 ut
1423 729 1626 790 .‚Eule“
1667 739 1720 784 et
1759 731 1936 794 „Son-

180 804 526 875 nenkoppe“.
606 804 993 876 Vegetationis
1057 805 1197 854 enim
1267 801 1563 855 formarum
1644 806 1817 858 silvae
1884 814 1938 859 et

179 881 323 949 prati
362 878 453 931 hic
493 886 706 931 tantum
746 882 1016 930 rationem
1070 877 1310 947 aliquam
1362 876 1568 930 habere
1619 898 1919 949 possumus

177 953 474 1017 Praevalet
535 960 717 1005 autem
768 953 927 1015 silva,
990 958 1154 1022 prato
1214 950 1501 1004 nonnullis
1555 954 1750 1022 paucis
1797 953 1936 1006 locis

180 1035 502 1080 occurrente
541 1047 640 1080 nec
682 1027 1004 1098 plerumque
1044 1026 1153 1077 late
1192 1032 1434 1097 patente,
1482 1034 1545 1077 ut
1585 1026 1658 1078 ad
1698 1026 1931 1090 „Baren-

178 1102 396 1163 wiese-⁶⁶,
438 1102 509 1154 ad
534 1101 904 1165 ‚,Euldorfel“,
950 1100 1019 1152 ad
1043 1099 1578 1170 „SonnenaeKoppes-
1608 1107 1710 1154 etc,
1752 1100 1936 1171 Supra

179 1195 309 1228 vero
343 1177 475 1245 jam,
517 1177 693 1247 qualis
736 1176 874 1228 silva
918 1175 1004 1235 sit,
1045 1177 1099 1225 in
1141 1175 1457 1226 universum
1487 1174 1772 1244 descripsi.
1828 1174 1933 1227 Hic

176 1269 287 1302 una
327 1251 501 1303 Pinus
542 1252 710 1303 Abies
751 1250 795 1302 L
836 1249 1021 1315 (Picea
1060 1249 1304 1319 vulgaris
1345 1248 1507 1316 Link)
1549 1248 1720 1301 silvas
1761 1250 1931 1320 majo-

174 1343 262 1376 res
304 1327 603 1395 componit,
655 1342 844 1377 omnes
886 1331 1097 1377 ceteras
1139 1324 1365 1375 arbores
1407 1324 1692 1375 silvestres
1731 1322 1837 1375 hac
1875 1341 1932 1375 re

175 1400 521 1452 antecedens
605 1399 715 1452 Sed
779 1399 1034 1450 omnibus
1095 1396 1236 1448 locis
1284 1396 1543 1468 jugorum
1595 1415 1932 1450 summorum

174 1473 340 1526 Picea
381 1474 628 1545 vulgaris
670 1473 768 1526 Lk.
812 1491 925 1524 non
978 1471 1228 1524 ascendit
1269 1472 1340 1523 ad
1379 1471 1723 1543 magnificam
1778 1471 1930 1524 illam

171 1549 618 1620 magnitudinem,
671 1565 833 1618 quam
866 1548 979 1618 jam
1022 1564 1210 1598 eorum
1247 1546 1442 1598 melius
1477 1549 1599 1598 sitis
1626 1546 1930 1599 declivibus

174 1631 433 1675 assecuta
496 1632 578 1676 est
619 1632 671 1674 et
712 1622 782 1673 ad
824 1640 985 1693 quam
1026 1621 1084 1673 in
1123 1620 1346 1691 regione
1403 1620 1650 1672 inferiori
1716 1639 1931 1691 semper

174 1705 551 1769 assurgentem
589 1697 858 1749 videmus,
933 1695 1095 1748 Adde
1133 1694 1258 1756 huc,
1313 1694 1467 1765 quod
1506 1695 1708 1748 Aceres
1749 1695 1929 1765 plata-

171 1771 384 1835 noideS,
423 1771 905 1842 pseudoplatanus
944 1780 997 1822 et
1035 1770 1218 1840 Fagus
1260 1769 1512 1821 silvatica
1534 1788 1645 1822 non
1667 1769 1776 1821 nisi
1815 1769 1927 1822 for-

172 1864 309 1898 mam
351 1846 610 1899 fruticum
651 1845 916 1898 exhibent
955 1845 1063 1896 hoc
1102 1844 1252 1907 locO,
1303 1844 1460 1913 cujus
1500 1844 1652 1896 modi
1693 1862 1928 1914 proven—

173 1928 286 1972 tum
350 1939 517 1992 quum
579 1926 634 1973 in
687 1921 971 1972 montibus
1023 1918 1294 1990 giganteis
1350 1918 1817 1989 (Riesengebirge)
1875 1925 1930 1971 et

170 1998 252 2058 iis,
294 2013 436 2065 quos
477 1995 861 2058 „Mahrisches
904 1992 1190 2045 Gesenke“
1231 1992 1593 2062 appellamuS,
1634 2010 1807 2062 supra
1833 1991 1926 2044 de-

170 2088 317 2121 mum
357 2070 517 2122 finem
561 2071 732 2122 silvae
768 2069 1071 2139 superioris
1111 2068 1373 2137 imprimis
1430 2065 1926 2137 deprehendamus,

167 2143 470 2214 intelligere
512 2163 655 2213 opus
697 2147 814 2205 erit,
857 2145 1090 2193 vertices
1131 2142 1396 2192 montium
1431 2149 1751 2193 nostrorum
1778 2159 1925 2194 sum·

168 2236 289 2270 mos
330 2237 444 2269 non
475 2219 592 2287 jam
630 2218 793 2287 longe
834 2217 1028 2268 abesse
1068 2233 1100 2266 a
1136 2215 1242 2265 fine
1283 2215 1584 2285 superioris
1626 2215 1813 2268 silvae.

316 2291 426 2345 Sed
469 2292 682 2344 Sorbus
724 2291 1051 2359 aucuparia,
1094 2306 1258 2359 quam
1280 2289 1440 2340 valde
1466 2291 1674 2358 passim
1710 2296 1925 2343 tantum

168 2370 225 2418 in
267 2367 596 2436 subregionc
621 2365 863 2417 inferiori
890 2372 1151 2415 montana
1185 2362 1666 2432 deprehendimus,
1704 2367 1761 2416 in
1801 2363 1900 2434 pla

168 2441 317 2492 nitiei
358 2442 582 2511 regione
623 2440 784 2510 plane
826 2457 936 2489 non
977 2437 1287 2497 habuimus
1331 2437 1526 2489 eximie
1551 2437 1644 2488 hic
1663 2439 1925 2508 provenit

170 2533 446 2585 saepeque
502 2515 712 2586 majora
765 2515 948 2582 spatia
1007 2518 1244 2581 occupat
1294 2511 1371 2562 ibi
1423 2513 1762 2582 praesertim,
1825 2513 1921 2564 ubi

167 2591 284 2658 pini
342 2590 520 2640 rarius
598 2587 808 2658 aliquid
859 2593 1174 2643 occurrunt,
1233 2585 1393 2636 sicuti
1442 2585 1726 2637 nonnullis
1778 2586 1919 2638 locis

167 2666 389 2714 verticis
429 2664 696 2714 montium
738 2660 1166 2731 „Sonnenberg“
1206 2667 1259 2710 et
1299 2658 1499 2719 „Hohe
1536 2657 1727 2713 Eule“.
1788 2658 1918 2711 Fre-

170 2738 530 2807 quentissimc
573 2738 761 2787 mirum
802 2736 857 2786 in
897 2734 1121 2804 modum
1172 2733 1226 2784 in
1276 2739 1462 2784 monte
1501 2732 1916 2805 „Thurmberg“

169 2811 408 2874 obvenit,
461 2812 556 2863 ubi
596 2811 812 2861 Piceam
852 2808 1132 2879 vulgarem
1185 2807 1345 2858 etiam
1398 2810 1676 2877 opprimit.
1753 2806 1917 2858 Nunc

168 2893 454 2955 praeterea
493 2886 657 2936 nobis
704 2883 1108 2952 reputantibus,
1163 2880 1402 2932 Sorbum
1457 2883 1810 2950 aucupariam
1858 2883 1916 2932 in

168 2960 360 3011 ceteris
403 2959 680 3011 Sudeticis
721 2957 999 3008 montibus
1041 2956 1114 3006 ibi
1157 2957 1388 3024 primum
1412 2954 1668 3022 majorem
1697 2954 1914 3023 copiam

167 3033 439 3091 exhibere,
489 3034 584 3084 ubi
633 3033 772 3084 silva
821 3048 997 3101 prope
1048 3028 1261 3080 accedit
1313 3027 1383 3078 ad
1423 3027 1582 3078 finem
1623 3046 1780 3078 suum
1823 3045 1914 3078 su-

165 3108 453 3176 periorem,
531 3109 585 3158 in
626 3106 908 3158 montibus
965 3104 1233 3174 giganteis
1282 3101 1750 3171 (Riesengebirge)
1800 3100 1915 3153 fere

167 3198 381 3249 semper
431 3180 658 3249 adjungi
708 3180 777 3230 ad
826 3179 1023 3230 Pinum
1084 3175 1468 3235 Pumilionem,
1526 3175 1584 3226 in
1629 3175 1913 3227 montibus

167 3253 547 3318 „Mahrisches
584 3253 869 3304 Gesenke“
909 3255 1052 3303 inter
1072 3250 1297 3301 frutices
1326 3248 1654 3318 subalpinos
1677 3249 1912 3319 primum

165 3327 348 3380 locum
391 3328 655 3389 obtinere,
697 3326 803 3378 alia
831 3326 944 3395 jam
984 3341 1153 3376 causa
1175 3322 1444 3384 videatur,
1487 3322 1638 3392 quod
1676 3324 1722 3375 si
1759 3340 1910 3374 mon-.
