2307 3659
1200 162 1265 209 26

358 319 585 370 tationis
626 315 802 368 forma
839 318 897 368 in
949 317 1089 371 silva
1143 321 1528 382 contineatur,
1578 337 1709 390 agro
1767 318 2115 387 praevalente

356 392 411 442 in
461 391 684 460 regione
735 390 1008 460 planitiei,
1066 396 1308 463 priorem
1361 394 1727 464 vegetationis
1779 393 2009 444 formam
2057 395 2115 446 in

356 464 460 516 hac
499 465 724 534 regione
763 483 1016 536 magnam
1055 468 1467 520 multitudinem
1508 467 1820 537 plantarum
1856 467 2116 520 exhibere

356 536 622 603 illucebit,
666 556 806 610 quae
846 548 976 593 sunt
1011 544 1273 612 propriae
1311 543 1480 612 hujus
1515 541 1774 611 regioniS‚
1817 558 1950 612 agro
1975 542 2114 594 tales

353 611 574 681 plantas
614 632 728 665 non
767 615 1081 684 praebente.

497 701 823 755 Plantarum
864 704 1194 757 silvestrium
1250 711 1379 756 sunt
1432 701 1738 773 peculiares
1781 709 1947 772 atque
1987 721 2116 772 pro-

352 778 507 845 priae
545 775 674 829 huic
713 780 923 849 regioni
961 778 1089 833 hae:

349 908 556 960 Actaea
596 913 828 980 spicata.
1247 910 1459 963 Luzula
1499 909 1685 961 albida
1724 913 1792 980 (c.
1819 910 1996 964 forma
2029 930 2117 965 ru-

347 981 478 1034 Aira
517 982 785 1039 flexuosa.
1390 984 1572 1050 bella).

348 1056 676 1128 Astragalus
717 1058 1116 1131 glyciphyllos.
1242 1058 1630 1130 Lycopodium
1671 1060 2009 1113 annotinum.

347 1130 644 1201 Aspidium
685 1133 989 1188 dilatatum.
1202 1197 1205 1200 Α
1242 1132 1592 1204 Lysimachia
1631 1131 1944 1188 Nemorum.

347 1205 641 1275 Aspidium
681 1206 948 1263 lobatum.
1239 1207 1435 1259 Melica
1471 1215 1691 1261 nutanS.

349 1279 584 1332 Bromus
626 1299 803 1351 asper.
1238 1282 1437 1334 Melina
1475 1280 1723 1333 uniflora.

345 1353 582 1407 Bromus
621 1355 864 1408 tritlorus
904 1354 1079 1411 Ehrh.
1239 1356 1468 1408 Melittis
1502 1353 2005 1426 Melissophyllum.

346 1427 669 1481 Cardamine
710 1431 1027 1502 Impatiens.
1238 1429 1550 1501 Phyteuma
1592 1430 1880 1499 spicatum.

347 1501 523 1555 Carex
564 1504 812 1575 digitata.
1237 1505 1656 1577 Polygonatum
1707 1503 2117 1561 verticillatum.

351 1576 799 1647 Cephalanthera
837 1578 1107 1633 ensifolia.
1237 1579 1648 1651 Polygonatum
1689 1577 2066 1632 multiflorum.

348 1649 612 1704 Dentaria
651 1653 943 1708 bulbifera.
1237 1653 1620 1725 Polypodium
1659 1651 2010 1724 Dryopteris.

345 1723 610 1779 Dentaria
650 1728 1072 1801 enneaphyHOS.
1237 1727 1618 1799 Polypodium
1657 1726 2040 1798 Phegopteris.

342 1797 574 1871 Elymus
616 1821 943 1874 europaeus.
1236 1802 1582 1854 Prenanthes
1625 1820 1915 1871 purpurea.

343 1871 663 1944 Epilobium
703 1877 1141 1949 augustifolium.
1236 1876 1448 1947 Pyrola
1487 1875 1738 1928 unii-lora.

342 1946 663 2018 Epilobium
704 1961 1040 2014 montanum,
1239 1951 1503 2003 Sanicula
1544 1968 1834 2019 eui-opaea.

342 2020 633 2092 Epipactis
672 2025 920 2081 latifolia.
1240 2024 1471 2078 Senecio
1515 2028 1875 2084 nemorensis‚

342 2094 671 2166 Equisetum
711 2101 1035 2154 silvaticum.
1238 2099 1467 2152 Senecio
1510 2101 1808 2152 silvaticus,

344 2168 560 2224 Galium
599 2169 1039 2227 rotundifolium.
1237 2173 1504 2245 Solidago
1547 2175 1702 2245 virga
1740 2191 1920 2225 aurea.

344 2243 636 2299 Geranium
677 2248 1091 2302 Robertianum.
1238 2247 1497 2300 Stellaria
1534 2248 1849 2300 Nemorum.

341 2317 711 2389 Gnaphalium
752 2324 1078 2378 silvaticum.
1237 2321 1466 2392 Spiraea
1504 2322 1778 2375 Aruncus.

338 2391 539 2447 Lilium
581 2397 891 2468 Martagon.
975 2416 981 2422 ·
1234 2397 1580 2450 Thalictrum
1619 2394 2071 2466 aquilegifolium.

342 2465 622 2541 Lathyrus
648 2470 944 2526 silvestris.

481 2617 604 2670 Hae
682 2619 905 2688 plantae
956 2622 1431 2673 umbrosissimam
1497 2618 1693 2670 silvam
1754 2623 2001 2668 amantes
2051 2616 2107 2667 in

334 2707 397 2741 ea
445 2694 742 2763 praecipue
803 2703 1114 2758 occurrunt,
1175 2694 1311 2746 aliae
1355 2711 1482 2747 vero
1543 2695 1600 2744 in
1657 2691 1928 2743 fruticetis
1990 2707 2106 2741 non

333 2763 551 2830 densi‘s3
593 2776 646 2819 et
685 2769 931 2830 sicciora,
984 2769 1247 2839 lapidosa
1286 2768 1373 2822 vel
1417 2784 1623 2819 saxosa
1663 2766 1786 2818 loca
1827 2764 2101 2817 adamant.

334 2836 399 2890 In
440 2859 670 2911 quarum
711 2861 939 2895 numero
982 2845 1279 2913 praecipue
1321 2848 1452 2894 sunt
1490 2838 1918 2893 enumerandae:

328 2941 589 3014 Digitalis
629 2946 898 3018 ambigua.
1228 2945 1529 3017 Origanum
1573 2944 1813 3014 vulgare.

327 3015 490 3068 Inula
530 3018 769 3092 Conyza..
1226 3020 1520 3072 Trifolium
1560 3018 1781 3070 rubens,

328 3089 665 3162 Hypericum
706 3104 1043 3147 montanum.
1228 3093 1572 3145 Ver-bascum
1613 3091 1896 3161 Thapsus

326 3162 689 3237 Laserpitiurn
731 3173 1092 3241 prutenicum.

471 3283 752 3339 Fruticum
793 3298 972 3340 autem
1013 3290 1066 3340 in
1103 3287 1206 3339 hac
1266 3289 1489 3356 regione
1553 3285 1906 3354 potissimum
1953 3301 2084 3354 pro-

326 3363 556 3416 veniunt
593 3360 678 3416 hi:
712 3361 989 3416 Lonicera
1022 3360 1373 3435 Xylosteum,
1443 3357 1640 3410 Rubus
1682 3357 1901 3420 Idaeus,
1943 3360 2087 3427 apri-
