2307 3659
996 94 1106 165 '29

201 295 305 349 que
356 279 562 328 montis
622 274 945 345 ‚‚Fauberg“
1005 277 1286 344 provenit3
1347 277 1506 329 simili
1563 276 1729 329 modo
1787 279 1946 328 etiam

199 350 350 422 apud
387 347 770 420 Volpersdorf
802 347 872 399 ad
913 349 1056 401 viam
1107 356 1333 401 stratam
1385 351 1526 402 inter
1573 348 1956 422 Volpersdorf

198 430 254 478 et
289 421 549 477 Neudorf
578 440 776 494 magna
799 425 981 492 spatia
1021 440 1184 492 saepe
1225 432 1485 494 occupat3
1528 443 1699 495 prope
1737 424 1947 489 „Ober-

197 498 515 552 Weistritz“
554 515 757 568 pagum
805 495 1026 567 quidem
1078 496 1459 565 deprehendes
1509 501 1562 550 in
1621 498 1948 569 serpentinis

195 573 512 642 lapidicinis
554 573 670 642 jam
709 571 969 634 desertiS,
1010 570 1110 622 sed
1160 570 1445 639 aliquanto
1497 573 1670 624 rarius
1723 574 1797 624 ibi
1850 573 1946 623 ob-

205 648 344 698 viam
368 646 462 711 fit),
504 646 798 714 Galeopsis
826 644 1181 717 angustifolia
1204 643 1378 697 Ehrh.
1404 644 1487 710 (G.
1511 646 1792 698 Ladanum
1817 646 1886 700 K.
1911 648 1950 716 β

203 720 559 791 angustifoh'a
585 719 853 785 Wimm.)‚
900 719 1100 771 Melica
1127 718 1308 770 ciliata
1338 717 1383 769 L
1419 723 1600 783 (etiam
1634 739 1754 772 cum
1790 721 1946 790 pani-

200 794 324 846 cula
354 795 614 861 ramosa),
650 793 995 846 Verbascum
1025 792 1308 863 Thapsus,
1347 792 1647 845 Portulaca
1692 795 1953 858 oleracea‚

200 868 446 922 Setariae
501 867 694 921 viridis
753 875 806 919 et
861 868 1071 938 glauca,
1134 871 1296 938 (quae
1353 866 1423 918 ad
1477 885 1613 918 saxa
1662 871 1718 920 in
1759 878 1951 920 nostra

200 943 420 1014 quidem
462 949 607 994 terra
656 941 792 992 alias
824 960 936 993 non
966 948 1278 1005 occurrunt,
1320 941 1372 992 in
1396 940 1787 1012 Tyrolensium
1823 960 1951 994 vero

201 1024 254 1069 et
294 1017 680 1069 Helvetiorum
719 1021 878 1079 terra,
921 1017 1144 1068 omnino
1186 1020 1241 1067 in
1290 1014 1520 1086 Europa
1570 1016 1949 1084 meridionali),

201 1091 503 1160 Galeopsis
557 1089 822 1142 Tethabit
884 1093 922 1160 ρ’
974 1090 1294 1142 intermedia
1335 1089 1612 1151 Schulte8‚
1673 1090 1955 1142 Poterium

199 1165 580 1236 Sanguisorba
618 1165 678 1226 L,
720 1164 1071 1235 Agropyrum
1112 1168 1368 1216 caninum
1406 1164 1467 1216 L.
1548 1163 1691 1216 Tum
1718 1167 1776 1216 in
1813 1182 1951 1216 non-

199 1240 369 1292 nullis
412 1239 721 1299 fruticibUS,
764 1241 927 1290 sicuti
967 1241 1023 1289 in
1068 1238 1204 1290 valle
1246 1239 1478 1308 parvula
1529 1242 1679 1290 saxis
1722 1241 1952 1290 circum-

201 1314 332 1366 data
371 1321 424 1366 et
465 1313 534 1365 ad
577 1312 918 1366 occidentem
956 1313 1110 1364 urbis
1154 1312 1461 1375 „Wartha“
1504 1313 1624 1375 sita,
1666 1318 1954 1383 praeterea

204 1406 600 1458 nonnunquam
674 1391 1048 1456 reperiuntur:
1165 1386 1391 1458 Cytisus
1465 1387 1741 1457 capitatus
1796 1386 1953 1459 Jacq.

198 1462 367 1515 Viola
407 1460 610 1514 collina
649 1460 825 1522 Bess,
870 1461 1297 1533 Calamagrostis
1333 1462 1599 1526 silvatica,
1657 1461 1953 1532 Galeopsis

199 1537 529 1608 pubescenS,
571 1536 800 1606 Spiraea
836 1535 1110 1596 AruncUS,
1149 1535 1406 1606 Digitalis
1446 1537 1718 1607 ambigua,
1756 1536 1949 1609 Hype-

197 1612 369 1664 ricum
426 1620 768 1671 montanum,
822 1610 1116 1681 Aquilegia
1164 1610 1428 1681 vulgariS‚
1482 1610 1781 1679 Origanum
1832 1610 1950 1663 vul-

198 1704 343 1757 gare,
385 1703 524 1755 quae
564 1687 847 1755 posterior
898 1688 1114 1754 species
1163 1685 1238 1736 ibi
1288 1685 1613 1755 plerumque
1662 1685 1954 1749 invenitur,

196 1761 291 1813 ubi
329 1759 482 1812 nuda
523 1778 660 1811 saxa
698 1777 810 1811 non
853 1766 1091 1811 exstant.
1157 1759 1446 1811 Praeterea
1475 1759 1675 1812 Nissae
1715 1757 1952 1811 fluminis

199 1834 359 1888 vallis
399 1852 536 1886 saxa
576 1834 800 1904 plantas
844 1834 1128 1904 praebent,
1174 1836 1312 1904 quas
1352 1837 1408 1886 in
1448 1834 1596 1886 saxis
1638 1833 1946 1904 deprehen--

197 1909 324 1962 dere
362 1927 476 1961 non
517 1908 759 1961 solemus
802 1926 1052 1979 quaeque
1091 1909 1147 1960 in
1188 1908 1414 1978 planitie
1457 1926 1622 1979 saepe
1657 1925 1948 1961 occurren-

195 1990 277 2036 tes
349 2000 578 2054 parvam
663 1982 825 2035 vallis
899 1982 1244 2034 altitudinem
1321 1989 1576 2035 accurate
1653 1982 1952 2054 designant

193 2058 407 2123 (alveus
446 2057 649 2110 Nissae
689 2058 903 2109 circiter
946 2063 1067 2110 800‘
1106 2055 1313 2126 habet),
1382 2063 1445 2109 ut
1491 2056 1729 2110 Bromus
1777 2063 1952 2110 tecto-

193 2151 328 2195 rum,
370 2131 630 2203 Fragaria
670 2131 890 2192 collina,
935 2131 1246 2183 Centaurea
1284 2131 1584 2194 maculosa,
1637 2132 1950 2184 Hieracium

196 2205 449 2277 rigidum,
506 2212 606 2260 cet.
684 2205 749 2257 In
807 2205 1065 2257 fruticeto
1126 2225 1255 2258 vero
1315 2205 1551 2259 uvidiori
1602 2213 1655 2258 et
1711 2209 1768 2258 in
1809 2206 1949 2259 silva

193 2280 449 2343 uvidiori,
499 2280 763 2350 imprimis
802 2283 859 2331 in
896 2279 1107 2350 fagetO,
1173 2282 1327 2350 quod
1366 2279 1436 2332 ad
1484 2286 1725 2333 montem
1775 2281 1947 2344 „Fam

190 2357 360 2426 berg“
401 2354 767 2424 pulcherrime
789 2358 1004 2418 crescit,
1040 2360 1255 2424 praeter
1276 2354 1684 2408 Pulmonariam
1704 2354 1948 2421 offic-ina-

194 2429 316 2491 lem,
358 2428 736 2481 Mercurialem
764 2446 1071 2499 perennem,
1114 2428 1407 2499 Daphnem
1427 2429 1756 2492 Mezereum,
1797 2429 1942 2482 Con-

194 2503 480 2556 vallariam
507 2502 774 2574 majalem,
815 2501 1206 2555 Galeobdolon
1237 2502 1444 2556 luteum
1474 2504 1634 2556 etiam
1661 2505 1947 2557 inveniun-

194 2585 283 2630 tur
317 2578 587 2630 Lonicera
618 2577 972 2649 Xylosteum,
1013 2596 1124 2648 qua
1164 2585 1312 2629 caret
1349 2578 1508 2631 vallis
1535 2578 1685 2632 fluvii
1708 2578 1947 2630 Vistritii

193 2660 247 2705 et
305 2651 447 2704 Tilia
497 2652 840 2723 grandifolia,
897 2670 1038 2722 quae
1095 2654 1149 2703 in
1205 2652 1443 2705 Vistritii
1495 2652 1636 2706 valle
1675 2671 1817 2714 ram,
1859 2651 1948 2703 hic

197 2726 643 2797 frequentissime
685 2729 940 2779 occurrit.
1040 2725 1206 2792 Quod
1265 2727 1432 2798 igitur
1490 2727 1650 2779 vallis
1706 2725 1945 2779 Vistritii

197 2803 461 2852 minorem
485 2801 799 2870 plantarum
820 2800 1251 2852 foecunditatem
1290 2800 1434 2852 valle
1455 2801 1651 2853 Nissae
1685 2800 1946 2870 praebere

193 2874 428 2936 videtur,
471 2893 608 2927 saxa
646 2882 862 2926 tantum
901 2873 1059 2926 vallis
1092 2875 1291 2928 Nissae
1331 2875 1504 2926 multo
1545 2876 1799 2926 uberiora
1824 2891 1946 2924 esse

193 2967 354 3020 quam
397 2949 554 3001 vallis
598 2949 647 3002 V
649 2950 836 3002 istritii
874 2948 1057 3001 dicere
1095 2949 1238 3011 licet,
1281 2948 1387 3000 alia
1418 2957 1598 3001 autem
1627 2947 1945 2999 conditione

191 3026 270 3074 uti
338 3023 471 3076 alias
521 3024 887 3094 vegetationis
938 3023 1166 3077 formas,
1246 3022 1709 3093 Computantibus
1761 3028 1942 3074 tamen

196 3096 432 3148 Vistritii
481 3097 682 3150 vallem
736 3098 864 3168 plus
915 3097 1027 3149 duo
1078 3097 1330 3149 milliaria
1365 3097 1587 3166 longam
1628 3114 1767 3158 esse,
1819 3112 1943 3165 par-

191 3175 299 3221 tem
353 3171 515 3222 vallis
563 3171 765 3224 Nissae
818 3190 848 3224 a
897 3172 1060 3223 nobis
1115 3170 1501 3241 perlustratam
1555 3172 1650 3221 vix
1691 3176 1941 3239 quartam

193 3243 430 3295 milliarii
470 3250 682 3314 partem
720 3246 776 3297 in
812 3245 1214 3316 longitudinem
1259 3245 1481 3314 porrigi,
1535 3246 1808 3296 sententia
1847 3262 1942 3295 no-

191 3318 276 3370 bis
317 3317 551 3388 placeat,
591 3319 791 3371 Nissae
830 3319 1024 3373 vallem
1064 3316 1479 3370 foecundiorem
1517 3316 1757 3369 Vistritii
1797 3315 1941 3368 valle
