2307 3659
1201 128 1230 176 6

1051 198 1279 205 -ῤ-...η-ῇγ
1282 201 1397 206 ..ffl-

353 284 611 335 orientem
651 299 709 333 se
747 281 1009 336 extendit.
1086 283 1297 337 Eodem
1340 305 1407 338 ex
1446 287 1572 338 loco
1613 285 2095 348 ,‚Klaunitzbach“

349 356 560 409 rivulus
603 354 830 425 profluit
869 364 923 408 et
961 358 1156 410 vallem
1198 363 1482 430 percurrit,
1536 363 1628 431 qui
1698 360 1890 411 relicto
1952 379 2095 432 pago

353 429 757 494 „Kaschbach“
801 449 971 500 supra
1010 436 1191 485 vicum
1255 433 1800 495 „Steinseifersdorff
1864 435 2093 502 quinde-

348 504 451 555 cim
509 503 678 573 pedes
737 503 921 556 desilit
979 508 1139 577 (quae
1198 526 1373 578 aquae
1442 508 1758 559 desilientes
1825 513 2097 560 vocantur
2151 528 2154 530 ·

349 576 660 642 ‚,Eulfall“).
736 577 845 630 Ubi
885 597 1015 632 vero
1057 583 1190 632 exiit
1231 600 1295 633 ex
1337 582 1477 632 valle
1516 585 1719 647 (1084‘)
1761 581 2096 651 septentrio—

345 669 468 702 nem
508 670 560 704 ν.
603 669 660 702 se
721 656 886 707 vertit
944 662 996 706 et
1056 673 1233 725 prope
1293 654 1693 719 „Jacobsdorf“
1751 656 1807 706 in
1870 653 2095 707 fluvium

347 725 565 789 ‚,Peile“
629 724 823 778 influit.
913 728 1148 780 Paribus
1207 729 1311 780 hac
1381 729 1523 780 valle
1596 728 1896 780 intervallis
1957 729 2095 780 aliae

344 799 629 852 breviores
671 801 844 853 valles
897 802 1125 864 distant,
1182 821 1322 872 quae
1386 807 1783 874 promontoriis
1843 821 1870 853 e
1929 803 2091 854 molis

335 873 475 945 jugo
515 875 952 944 prominentibus
994 879 1370 939 terminantur,
1413 885 1475 929 ut
1523 878 1694 929 valles
1760 877 2092 939 „Steinkun-

344 947 633 1000 zendorfer
691 949 865 1002 Thal“
928 950 1392 1021 „Tiefengrun(l,“
1451 951 1857 1014 „Neubielauer
1914 950 2091 1003 Thar‘

346 1033 399 1073 et
436 1022 640 1074 multae
679 1023 842 1075 aliae:
897 1042 1040 1093 quae
1080 1043 1269 1077 omnes
1312 1026 1567 1078 emittunt
1617 1025 1827 1077 rivulos
1880 1024 1949 1076 ad
1990 1024 2089 1076 flu-

342 1114 465 1147 men
507 1096 724 1159 ‚,Peile“
767 1098 1180 1150 descendentes
1274 1100 1462 1152 Valles
1512 1119 1643 1153 vero
1698 1118 1814 1152 non
1871 1102 1980 1150 nisi
2035 1099 2091 1151 in

343 1176 500 1240 parte
541 1172 791 1222 orientali
831 1172 992 1224 molis
1044 1175 1415 1235 inveniuntur,
1481 1193 1619 1246 quae
1674 1174 1748 1225 ibi
1806 1173 2091 1225 nonnullis

343 1247 536 1314 paucis
578 1247 857 1297 montibus
911 1246 1341 1300 adhaerentibus
1393 1252 1448 1300 in
1500 1250 1724 1319 planum
1785 1247 2089 1310 descendit,

341 1321 398 1370 in
439 1325 595 1389 parte
638 1320 968 1372 occidentali
1009 1326 1231 1374 omnino
1273 1342 1401 1386 non,
1443 1324 1536 1375 ubi
1568 1325 1764 1394 jugum
1807 1321 2089 1374 montibus

342 1393 453 1444 fere
494 1393 660 1444 nullis
704 1394 1060 1447 obstantibus
1115 1396 1375 1450 defertur.
1471 1397 1583 1450 Sed
1647 1415 1712 1448 ex
1771 1396 1876 1448 hac
1932 1402 2090 1467 parte

341 1471 706 1538 praecipitant
743 1469 901 1521 multi
939 1470 1042 1522 rivi
1084 1478 1136 1523 et
1174 1471 1476 1524 volvuntur
1526 1490 1691 1542 saepe
1741 1471 1870 1541 plus
1925 1489 2088 1541 quam

340 1560 510 1592 unum
552 1541 858 1594 milliarium
898 1562 996 1614 per
1032 1548 1327 1617 regionem,
1373 1564 1513 1616 quae
1551 1552 1788 1598 vocatur
1837 1544 2086 1608 „Neuro-

341 1614 438 1667 der
476 1615 804 1687 Bergland,“
843 1625 905 1669 ut
947 1637 1004 1670 se
1044 1620 1382 1672 immisceant
1401 1620 1612 1672 flumini
1650 1620 1922 1682 „Steine.“
1963 1619 2087 1686 Quo

339 1690 413 1754 fit,
451 1698 514 1742 ut
552 1691 852 1743 nonnullae
892 1693 1066 1745 valles
1106 1695 1340 1764 majores
1385 1702 1693 1757 occurrant,
1744 1694 1914 1746 veluti
1973 1712 2082 1755 eae,

341 1762 484 1834 qua'e
525 1768 748 1816 nomina
798 1766 1028 1819 trahunt
1091 1786 1121 1820 a
1178 1770 1334 1840 pagis
1393 1768 1972 1829 „Rothwaltersdorf“
2035 1779 2088 1820 et

338 1837 681 1911 „Schlegel.“
759 1838 1014 1912 Denique
1057 1842 1519 1913 deprehendimus
1559 1847 1614 1895 in
1654 1851 1810 1913 parte
1834 1843 2088 1895 orientali

337 1912 552 1975 vallem,
594 1914 650 1965 in
692 1932 801 1984 qua
840 1917 967 1986 pagi
1020 1916 1484 1987 „Lampersdorf“
1542 1927 1595 1969 et.
1642 1917 2085 1989 „WVeigelsdorff

340 1987 429 2038 siti
470 1994 615 2048 sunt,
657 2006 769 2040 non
810 2008 1050 2058 parvam,
1094 2010 1202 2062 qua
1252 1992 1319 2044 de
1380 2011 1546 2044 causa
1602 1992 1800 2043 flumen
1863 2010 2088 2062 quoque

337 2060 511 2129 majus
552 2062 715 2114 nobis
758 2063 997 2118 obvenit.
1067 2065 1227 2117 Haec
1269 2085 1299 2117 a
1342 2073 1496 2136 parte
1545 2066 1794 2118 orientali
1845 2066 2083 2117 collibus

337 2135 460 2196 illis,
504 2138 596 2206 qui
637 2154 667 2186 a
707 2154 852 2207 pago
894 2138 1290 2199 ‚‚Habens10rf-⁶
1330 2144 1555 2193 nomina
1587 2148 1860 2209 ceperunt,
1906 2140 2082 2192 deter-

335 2210 590 2271 minatur,
653 2212 992 2264 occidentem
1052 2232 1245 2266 versus
1310 2216 1440 2267 moli
1501 2215 1777 2278 adhaeret,
1834 2215 1954 2266 aliis
2016 2232 2083 2267 ex

337 2284 588 2353 partibus
628 2303 738 2336 non
782 2283 1141 2342 concluditur.
1218 2285 1281 2341 In
1323 2308 1433 2360 qua
1457 2291 1719 2342 accrescit
1745 2307 1901 2361 aqua,
1943 2307 2083 2360 quae

336 2354 428 2409 via
468 2358 704 2410 duorum
744 2360 1117 2414 milliariorum
1170 2382 1387 2415 emensa
1438 2383 1614 2436 prope
1669 2365 1859 2416 urbem
1911 2363 2080 2416 Fran-

336 2435 639 2484 costeinam
680 2451 802 2485 cum
832 2434 999 2487 fluvio
1042 2437 1290 2499 „Pause“
1335 2457 1392 2490 se
1417 2440 1718 2510 conjungit.
1797 2438 1903 2490 Hic
1945 2456 2081 2509 quo-

338 2524 444 2576 que
483 2506 684 2559 fluvius
727 2511 994 2576 percurrit
1046 2519 1256 2580 partem
1318 2514 1655 2573 orientalem,
1730 2515 1821 2582 qui
1891 2530 2079 2582 quam-

337 2598 502 2650 quam
546 2583 807 2653 originem
847 2583 1015 2635 habet
1053 2587 1106 2636 in
1150 2593 1304 2655 parte
1346 2587 1636 2657 principali
1694 2591 1885 2655 (supra
1943 2586 2079 2638 Her-

335 2655 656 2726 zogswalde
697 2656 847 2724 apud
890 2659 1158 2728 oppidum
1201 2660 1537 2732 Silberberg)
1578 2680 1706 2712 mox
1730 2660 1921 2712 relicta
1940 2661 2082 2712 valle

337 2747 414 2790 ea,
457 2731 512 2781 in
556 2748 666 2800 qua
707 2733 814 2781 sita
854 2740 937 2783 est
986 2732 1435 2804 Herzogswalde,
1488 2743 1760 2805 perpetuo
1816 2735 2078 2786 orientem

338 2821 532 2856 versus
574 2803 695 2856 fluit
755 2804 825 2856 ad
873 2806 1060 2858 urbem
1102 2807 1569 2869 Francosteinam,
1613 2810 1761 2860 unde
1802 2808 2079 2861 meridiem

333 2896 528 2929 versus
570 2878 641 2930 ad
680 2878 903 2930 Nissam
946 2879 1169 2932 fluvium
1210 2884 1401 2934 currit:
1454 2883 1737 2953 quomodo
1790 2884 1962 2935 totius
2002 2902 2084 2935 re-

335 2957 426 3022 gni
468 2951 642 3013 finem,
689 2957 781 3022 qui
837 2961 920 3013 est
971 2955 1042 3006 ad
1102 2956 1362 3007 orientem
1421 2957 1736 3011 brumalem,
1780 2961 2118 3026 componit.'

479 3026 714 3097 Magnae
753 3046 884 3079 vero
927 3029 1102 3080 valles
1146 3033 1198 3080 in
1239 3030 1643 3103 longitudinem
1691 3039 1988 3102 porrectae,
2027 3032 2082 3083 in

335 3100 539 3170 quibus
579 3102 787 3171 majora
827 3104 973 3174 gigni
1016 3102 1235 3155 flumina
1279 3099 1417 3156 satis
1459 3105 1652 3165 elucet,
1697 3115 1826 3157 sunt
1866 3109 1918 3156 in
1961 3105 2080 3157 fini-

333 3174 439 3224 bus
483 3173 697 3226 ‹lemum
739 3178 1011 3229 territorii.
1093 3177 1296 3229 Earum
1346 3180 1580 3230 maxima
1638 3188 1689 3231 et
1756 3177 2084 3232 amoenitate

335 3246 685 3300 celeberrima
737 3250 839 3302 tria
878 3269 1052 3322 paene
1093 3251 1343 3305 milliaria
1381 3253 1436 3304 in
1472 3253 1870 3326 longitudinem
1929 3260 2086 3325 patet

335 3321 495 3373 vallis
535 3321 773 3375 Vistritii
819 3324 982 3389 fluvii,
1037 3327 1130 3397 qui
1182 3326 1252 3378 ad
1311 3327 1795 3399 „Rumpelbrumw
1843 3335 2081 3381 montem
