2307 3659
1193 128 1261 175 24

343 289 495 362 quod
536 293 676 341 2000
715 286 921 358 pedum
960 285 1132 340 altum
1169 305 1270 358 per
1309 287 1504 359 viginti
1546 287 1744 358 jugera
1798 301 1857 336 se
1911 284 2088 354 porri-

339 369 432 436 git,
470 364 526 415 in
568 380 677 434 quo
718 379 850 414 sane
888 380 1082 414 rursus
1121 361 1371 414 videmus
1411 360 1551 414 illud
1592 367 1842 431 spectare
1884 358 1956 409 ad
1980 375 2090 409 me-

336 438 558 499 ridiem3
617 439 782 488 situm
820 436 988 507 igitur
1024 436 1377 488 utilissimum
1428 454 1566 490 esse.
1659 435 1861 486 Aoeres
1912 432 2089 501 plat-a—

339 512 534 564 noides
578 518 633 562 et
670 510 1192 580 Pseudoplatanus,
1243 511 1444 562 Betula
1495 509 1833 579 pubescenS,
1877 505 2091 558 Sorbus

340 585 663 656 aucuparia,
715 591 770 637 et
829 584 973 636 Tilia
1022 585 1380 656 grandifolia,
1433 583 1695 656 quoniam
1749 579 2096 633 descendunt

338 663 432 714 vix
473 659 544 712 ad
582 658 732 711 mille
770 658 968 729 pedeS,
1021 667 1209 712 notam
1264 661 1420 728 quasi
1470 658 1601 710 huic
1648 657 1861 728 regioni
1907 648 2135 724 impri-⁰

339 742 520 795 munt,
563 733 699 784 aliae
747 751 910 788 vero:
951 733 1128 786 Alnus
1169 733 1475 804 glutinosa,
1526 731 1798 801 Carpinus
1847 727 2096 789 BetuIUS,

340 808 581 880 Corylus
621 807 916 872 Avellana,
965 808 1236 860 Fraxinus
1277 808 1576 869 excelsior,
1619 806 1764 858 Tilia
1803 802 2098 874 parvifolia

339 883 540 939 Elim..
602 881 798 934 Ulmus
853 886 1176 952 campestris
1229 882 1540 934 ascendunt
1578 878 1964 932 tantummodo
2004 895 2096 928 us-

343 975 451 1028 que
493 957 564 1009 ad
607 961 967 1009 2500—2600
995 956 1215 1025 pedum.
1256 956 1451 1009 Ulmus
1493 958 1816 1026 campestris
1854 959 2100 1005 remanet

343 1049 521 1103 usque
573 1031 644 1082 ad
704 1035 1063 1083 2000--2200
1118 1031 1349 1101 pedum,
1417 1030 1570 1102 apud
1620 1025 2099 1093 „Kohlenlehne“

347 1112 506 1159 2100¹
548 1108 867 1176 assequitur
902 1106 1191 1156 maximam
1241 1105 1589 1158 altitudinem
1649 1122 1819 1156 suam.
1916 1100 2099 1171 Fagus

348 1180 622 1244 silvatica,
687 1197 826 1249 quae
875 1197 1054 1250 usque
1104 1180 1175 1231 ad
1225 1179 1368 1232 hanc
1419 1179 1764 1232 altitudinem
1806 1178 2100 1229 continuas

347 1255 543 1319 silvas,
583 1271 785 1324 parvas
828 1253 1048 1324 quidem
1080 1255 1246 1324 juxta
1283 1255 1430 1306 hunc
1479 1255 1665 1318 finem,
1716 1249 2134 1320 componebat„

342 1330 508 1382 altius
552 1328 891 1398 ,singulatim
931 1336 1027 1380 aut
1064 1346 1259 1398 parum
1300 1333 1622 1382 consociata
1696 1326 1980 1398 provenit,
2049 1330 2103 1375 et

348 1423 463 1456 non
500 1404 698 1455 retinet
735 1402 964 1454 formam
1002 1403 1217 1455 arboris
1258 1403 1566 1466 validioris,
1616 1406 1723 1454 nisi
1771 1403 1826 1453 in
1876 1399 2101 1453 declivi-

347 1479 452 1531 bus
497 1476 940 1529 commodissime
981 1478 1130 1539 sitis3
1179 1482 1501 1548 saepissime
1539 1497 1688 1541 ver0,
1727 1475 1992 1546 imprimis
2033 1473 2103 1525 ad

351 1555 637 1605 cacumina
674 1553 943 1603 montium
988 1551 1183 1615 „Hohe
1222 1552 1393 1604 Eule“
1433 1560 1486 1605 et
1522 1552 1953 1621 „Sonnenberg“
1992 1547 2105 1600 for-

347 1646 492 1679 mam
531 1626 746 1678 fruticis
797 1644 912 1677 eam
964 1629 1214 1697 accipere
1264 1628 1529 1681 videmus,
1627 1627 1776 1678 Idem
1834 1624 2007 1693 valet·
2039 1622 2108 1673 de

350 1702 620 1754 Aceribus
659 1700 1121 1771 Pseudoplatano
1165 1708 1217 1753 et
1257 1702 1578 1771 platanoide
1617 1709 1670 1753 et
1700 1701 1847 1754 Tilia
1885 1697 2105 1771 grandi-

349 1776 505 1839 ssora,
547 1793 688 1846 quae
727 1776 1007 1845 posterior
1046 1777 1268 1828 omnino
1308 1795 1433 1829 raro
1476 1777 1727 1829 occurrit.

493 1849 607 1902 Sed
646 1852 807 1901 etiam
845 1851 1091 1920 pinetum
1133 1851 1293 1902 aliam
1333 1852 1564 1903 formam
1615 1853 1832 1920 accipit.
1932 1849 2105 1901 Pinus

349 1925 636 1989 silvestriS,
652 1941 815 1994 quam
831 1927 888 1975 in
909 1924 1260 1977 inferioribus
1276 1926 1414 1977 locis
1439 1926 1644 1996 passim
1672 1926 1908 1996 majores
1937 1924 2106 1977 silvas

349 2016 682 2069 componere
722 2017 891 2068 supra
927 2004 1363 2062 memoravimus,
1406 2004 1702 2064 evanescit,
1748 2001 1913 2052 simul
1940 2009 2107 2072 atque

346 2074 418 2125 ad
460 2078 618 2126 2300‘
664 2073 1004 2138 ascenderis3
1045 2075 1173 2126 item
1212 2075 1385 2127 Pinus
1419 2075 1601 2140 Larix,
1644 2093 1808 2146 quam
1848 2093 1960 2128 non
2001 2075 2108 2128 nisi

347 2148 549 2200 cultam
589 2150 647 2199 in
701 2151 979 2201 territorio
1038 2156 1234 2201 nostro
1291 2150 1525 2202 inveniri
1583 2150 1837 2202 arbitror.
1933 2149 2108 2203 Pinus

348 2224 507 2293 picea
530 2222 611 2287 L„
655 2240 796 2292 quae
836 2223 922 2288 ab,
946 2223 1235 2275 altitudine
1283 2230 1659 2277 1000-—2400‘
1695 2242 1861 2295 saepe
1882 2242 2109 2297 magnas

350 2297 519 2350 silvas
563 2297 872 2366 componit,
917 2301 1046 2368 quin
1090 2302 1251 2350 etiam
1289 2298 1574 2351 nonnullis
1613 2298 1779 2364 locis,
1831 2308 1894 2352 ut
1933 2318 2110 2372 prope

347 2389 554 2442 pagum
609 2371 1131 2442 „Herzogswalde“
1183 2373 1682 2426 Pinum-Abietem
1721 2373 1782 2428 L.
1838 2374 2108 2438 demovet,

351 2444 698 2497 altitudinem
739 2450 899 2498 2600‘
940 2454 1196 2499 assecuta
1246 2448 1414 2501 silvas
1464 2467 1579 2500 non
1627 2449 1744 2518 jam
1802 2451 2109 2503 constituit.

352 2519 654 2572 Rarissime
696 2527 812 2571 tum
854 2524 1094 2573 occurrit
1132 2525 1403 2594 etiamque
1427 2525 1603 2573 rarius
1631 2522 1871 2576 validius
1898 2543 2110 2577 accres-

349 2598 450 2659 cit,
509 2595 564 2645 in
617 2595 992 2648 cacuminibus
1042 2600 1308 2648 montium
1350 2596 1551 2661 „Eule“
1592 2603 1645 2647 et
1684 2596 2109 2670 „Sonnenberg“

348 2669 533 2722 locum
576 2686 691 2720 non
731 2668 916 2721 habet.
1009 2670 1161 2724 Silva
1199 2672 1367 2741 igitur
1404 2672 1594 2722 harum
1636 2672 1920 2742 regionum
1964 2692 2108 2726 com-

351 2747 547 2814 posita
587 2750 672 2794 est
711 2761 779 2794 ex
819 2762 930 2796 una
965 2744 1106 2796 Pino
1147 2746 1341 2797 Abiete
1381 2745 1439 2798 L.

498 2817 631 2888 Agri
674 2835 899 2890 quoque
938 2820 994 2870 in
1032 2818 1119 2871 his
1162 2819 1548 2871 altitudinibus
1591 2827 1951 2882 evanescunt,
1995 2821 2111 2890 jam

350 2893 490 2943 enim
542 2893 795 2946 frumenti
852 2893 1066 2945 cultura
1116 2894 1185 2945 ad
1237 2894 1396 2945 finem
1449 2897 1789 2963 superiorem
1840 2898 2110 2964 pervenit,

357 3115 460 3158 dass
512 3118 580 3160 die
630 3116 793 3175 kraftig
843 3115 1276 3158 heranwachsenden
1317 3114 1488 3172 jungen
1520 3114 1700 3158 Ahorne
1742 3114 1809 3157 die
1842 3118 2112 3173 angesaeten

354 3174 538 3219 Fichten
581 3175 670 3218 und
703 3176 786 3218 den
818 3174 1072 3218 vorhanden
1106 3188 1369 3232 gewesenen
1402 3173 1816 3232 Buchenaufschlag
1856 3175 1947 3217 fast
1977 3179 2112 3233 ganz-

358 3234 440 3276 lich
473 3235 757 3278 unterdriickt
788 3234 945 3289 haben,
979 3250 1028 3276 so
1063 3234 1166 3276 dass
1199 3233 1266 3276 die
1300 3235 1629 3291 urspriingliche
1661 3234 1846 3276 Holzart
1874 3234 2002 3278 theils
2033 3249 2111 3276 un-

355 3294 593 3348 terdriickt,
621 3292 754 3336 'theils
786 3309 899 3353 ganz
931 3293 1274 3337 verschwunden
1309 3292 1397 3333 und
1431 3293 1562 3336 durch
1598 3294 1722 3338 einen
1750 3292 1919 3352 Jungen
1939 3293 2110 3337 Ahorn·

355 3353 543 3398 bestand
577 3359 739 3396 ersetzt
770 3354 837 3398 ist.
