2307 3659
1062 120 1123 164 13

226 290 425 328 nomen
466 272 667 324 indidit
705 272 774 323 ill.
815 271 1073 344 Bayrich,
1113 279 1395 326 exstructa
1435 279 1543 336 est,
1583 292 1760 344 prope
1799 291 1978 344 pagos

225 366 356 400 vero
398 345 835 418 Herzogswalde
875 355 929 398 et
967 346 1215 398 Wiltsch
1272 349 1528 400 formatio
1580 349 1743 400 nobis
1785 366 1977 399 occur·
2033 371 2037 376 ·

226 423 309 486 rit,
351 439 538 491 quam,
582 439 748 492 quum
788 421 841 472 in
885 439 947 472 ea
988 420 1329 490 Graptolithi
1369 422 1778 492 (Graptolithus
1816 422 1978 474 Prio-

228 497 342 548 dou
370 501 495 561 cet.)
536 496 900 559 inveniantur,
942 495 1219 547 siluricam
1243 513 1364 547 esse
1386 503 1632 566 apparet,
1692 496 1778 548 Ad
1803 497 1978 548 orien-

225 578 333 622 tem
374 570 550 639 partis
588 569 909 640 principalis
944 570 1077 621 satis
1101 569 1266 638 ampli
1290 578 1504 622 montes
1530 589 1669 623 saxo
1691 570 1981 635 „Gabbro“

228 651 281 697 et
309 644 643 713 Serpentino
668 662 847 714 prope
868 643 1218 696 Grachovam
1258 647 1524 695 exstructi
1565 651 1709 708 sunt,
1749 645 1841 714 qui
1884 663 1982 715 per

228 726 476 789 quartam
518 718 733 770 circiter
769 718 1005 770 milliarii
1048 726 1261 789 partem
1292 719 1346 769 in
1371 718 1699 788 quadratum
1724 737 1781 770 se
1803 719 1981 789 porri-

227 799 380 864 gunt,
423 793 580 862 cujus
621 791 749 862 plus
791 792 1075 844 dimidium
1117 793 1480 863 Serpentinus
1522 799 1774 863 occupat.

371 866 474 917 His
514 866 835 938 adjungitur
874 869 1041 920 series
1083 866 1318 931 collium,
1361 869 1451 937 qui
1492 866 1654 918 iidem
1696 866 1978 937 Serpenti-

227 960 355 994 num
396 941 680 993 continent
720 947 774 992 et
814 959 873 993 se
914 941 1220 993 extendunt
1257 960 1437 1012 usque
1478 940 1549 992 ad
1573 947 1812 992 montem
1838 941 1982 992 Zob-

229 1024 465 1068 tensem:
517 1034 674 1086 quem
718 1034 885 1086 quum
928 1017 1154 1068 eandem
1195 1023 1526 1069 structuram
1567 1016 1980 1086 geognosticam

226 1092 450 1153 habeat,
490 1090 584 1141 illa
624 1091 761 1142 serie
803 1109 925 1141 cum
963 1092 1247 1143 montibus
1288 1091 1497 1143 nostris
1539 1090 1830 1161 conjungi,
1870 1107 1982 1141 ma-

228 1165 488 1234 nifestum
528 1171 630 1219 est.

368 1238 433 1290 In
471 1238 667 1291 iisdem
708 1239 847 1291 locis
887 1238 1145 1290 formatio
1175 1239 1336 1290 tertia
1356 1239 1522 1291 nobis
1546 1239 1799 1303 occurrit,
1842 1256 1984 1309 quae

224 1333 256 1365 a
293 1331 439 1385 pago
484 1313 786 1366 Grochova
823 1313 1103 1365 meridiem
1143 1331 1337 1365 versus
1386 1331 1567 1384 usque
1616 1312 1690 1365 ad
1728 1313 1983 1384 Riegers-

224 1387 360 1439 dorf
395 1394 545 1457 patet
583 1388 639 1439 in
678 1388 1080 1459 longitudinem
1122 1387 1407 1440 dimidium
1446 1387 1706 1451 milliarii,
1762 1389 1816 1439 in
1858 1388 1983 1439 lati-

226 1462 471 1514 tudinem
511 1463 725 1514 circiter
764 1469 1017 1515 octavam
1059 1471 1267 1532 partem
1307 1463 1559 1516 milliarii.
1629 1462 1752 1528 Qua
1782 1462 1983 1513 forma-

226 1538 374 1588 tione
413 1540 750 1589 territorium
789 1556 901 1589 non
944 1537 1207 1601 abundat,
1247 1556 1370 1588 nam
1413 1538 1454 1588 si
1496 1537 1778 1607 exceperis
1815 1536 1983 1588 modo

223 1619 578 1663 memoratam
619 1620 671 1663 et
710 1612 832 1663 illas
853 1612 1029 1664 multo
1054 1614 1309 1675 minores,
1352 1630 1491 1682 quae
1514 1630 1692 1682 prope
1715 1611 1982 1663 Reichen-

204 1685 367 1737 bach
407 1686 944 1739 et·Francosteina1n
985 1687 1370 1747 inveniuntur,
1437 1686 1643 1737 nullam
1685 1686 1845 1737 talem
1889 1685 1982 1736 de-

228 1759 639 1830 prehendimus,

372 1833 538 1900 Quod
579 1835 818 1906 denique
859 1834 1124 1886 diluvium
1167 1835 1539 1905 appellamus,
1597 1852 1710 1886 non
1770 1834 1876 1885 nisi
1930 1834 1985 1884 in

224 1916 382 1978 parte
424 1909 676 1961 orientali
716 1910 974 1961 territorii
1015 1916 1248 1980 apparet
1292 1919 1344 1961 et
1382 1929 1480 1980 per
1529 1912 1768 1981 spat-ium
1822 1911 1982 1960 trium

226 1983 602 2035 milliariorum
640 1987 693 2036 in
738 1985 1064 2055 quadratum
1108 1992 1275 2054 patet.

703 2278 801 2355 De
856 2277 1074 2354 rebus
1129 2275 1507 2355 botaniciS.

373 2498 715 2569 Quamquam.
777 2504 994 2549 montes
1052 2499 1231 2549 nostri
1289 2517 1404 2550 non
1476 2504 1633 2551 tanta
1701 2497 1983 2549 cacumina

226 2573 556 2643 praebeant,
604 2579 667 2623 ut
721 2572 1060 2641 superiorem
1110 2572 1270 2624 finem
1313 2574 1572 2625 silvarum
1614 2578 1984 2641 assequantur

225 2648 394 2713 (hunc
447 2651 505 2699 in
545 2647 742 2699 Silesia
791 2665 905 2697 non
956 2650 1200 2717 reperias
1250 2647 1354 2699 nisi
1407 2647 1676 2698 ascendas
1728 2646 1798 2698 ad
1840 2651 1979 2698 3600

225 2721 448 2792 pedum)
489 2728 670 2773 tamen
711 2720 962 2791 singulos
1003 2721 1170 2774 florae
1210 2721 1416 2793 gradus
1447 2720 1757 2774 discernere
1779 2737 1979 2790 possu-

226 2815 364 2850 mus,
461 2795 570 2848 Sed
612 2814 725 2847 non
764 2795 970 2866 ubique
1018 2796 1179 2848 facile
1230 2803 1336 2860 est,
1393 2815 1580 2848 eorum
1639 2795 1775 2846 fines
1834 2799 1981 2845 recte

228 2870 696 2933 circumscribere,
800 2888 967 2940 quum
1067 2870 1288 2922 eaedem
1377 2873 1632 2942 regiones
1727 2868 1783 2918 in
1859 2867 1980 2919 aliis

226 2945 366 2997 locis
417 2963 583 3015 saepe
632 2945 699 2996 ab
750 2943 856 2995 alia
907 2944 1199 2996 altitudine
1249 2945 1517 3014 incipiant
1567 2950 1620 2994 et
1658 2941 1981 3014 plerumque

228 3019 306 3070 sic
344 3021 487 3071 inter
526 3037 585 3071 se
626 3018 1065 3084 confundantur,
1115 3026 1178 3071 ut
1219 3037 1389 3090 opera
1429 3018 1637 3070 diutius
1678 3015 1885 3067 collata
1922 3019 1980 3068 in

228 3093 673 3164 cognoscendam
713 3092 954 3163 aliquam
992 3100 1191 3145 terram
1234 3099 1437 3144 certum
1472 3090 1745 3162 judicium
1768 3090 1980 3142 efficere

226 3169 425 3237 possit.
505 3166 688 3232 Quum
730 3175 910 3218 autem
950 3171 1311 3238 putavissem,
1354 3165 1652 3237 cognitioni
1694 3183 1806 3217 non
1847 3164 1980 3216 utile

229 3258 367 3304 esse,
406 3239 462 3290 in
502 3241 610 3291 alia
647 3242 1106 3293 commentatione
1145 3240 1405 3292 botanica
1443 3239 1697 3292 silesiaca
1736 3238 1869 3290 alias
1893 3257 1976 3290 re-

229 3314 422 3386 giones
462 3319 629 3385 atque
667 3314 802 3366 fines
836 3316 1020 3380 statui,
1058 3317 1318 3368 rationem
1340 3313 1653 3367 habendam
1674 3331 1794 3366 esse
1816 3329 1979 3384 quam
